1971 3326
132 375 195 406 Pag.
208 375 256 400 349
266 380 292 399 A.

347 184 432 224 258
643 185 1117 224 TEMPERAMENTUM
1147 182 1299 218 (311ch
1330 181 1536 217 OAPTOS.
1627 180 1726 225 [Lm.
1744 180 1814 216 III.

349 299 485 340 servis
507 298 754 353 respublica
777 297 977 352 quoedam
1000 302 1039 336 et
1063 293 1192 348 quasi
1216 293 1386 341 civitas,
1412 293 1561 333 domus
1583 298 1654 333 est.
1712 290 1818 333 Cato

352 363 584 413 Censorius,
608 367 807 404 narrante
829 360 1066 408 Plutarcho,
1092 358 1126 400 si
1149 356 1240 413 quis
1263 371 1408 399 servus
1432 356 1583 412 capital
1606 355 1818 398 admisisse

351 429 578 479 videretur,
605 429 657 471 de
681 443 728 469 eo
757 426 999 483 supplicium
1029 438 1113 466 non
1137 423 1337 471 sumebat,
1362 421 1440 463 nisi
1463 427 1681 478 postquam
1705 422 1819 464 dam-

351 500 473 537 natus
506 500 625 544 esset,
659 493 782 535 etiam
810 504 1101 534 conservorum
1127 488 1296 546 judicio.
1369 487 1543 538 Quicum
1572 487 1821 529 conferenda.

351 562 480 604 verba
503 561 600 602 Job.
626 559 737 601 xxxi.
765 559 835 608 13,
861 563 902 600 et
927 556 1130 612 deinceps.

394 673 397 674 ⁷
454 627 529 669 IV.
596 625 680 667 Sed
703 630 745 667 et
767 624 875 666 circa
898 623 1075 664 minores
1097 635 1253 678 poenas,
1278 625 1380 678 puta
1404 619 1580 663 verbera
1602 619 1646 661 in
1666 633 1820 669 servos,

352 691 588 735 adhibenda
612 697 675 734 est
696 690 882 746 aequitaS,
907 689 988 731 imo
1013 693 1055 731 et
1078 687 1308 730 clementia.
1354 689 1457 729 Non
1480 687 1694 742 opprimes
1714 700 1820 735 eum,

353 762 459 801 enon,
490 759 782 800 dominaberis
815 758 854 799 ei
884 757 1003 804 dure,
1035 754 1095 796 ait
1124 754 1193 796 lex
1226 753 1365 795 divina
1396 753 1448 794 de
1479 766 1599 794 servo
1625 750 1820 803 Hebraeo,

354 825 466 880 quod
490 838 597 865 nunc
621 823 784 880 prolata
807 822 848 863 vi
879 820 1156 877 proximitatis
1187 819 1240 861 ad
1274 833 1413 860 omues
1437 832 1578 860 servos
1600 817 1725 859 debet
1750 831 1823 858 ex-

355 890 507 942 tendi3,
544 891 667 931 Deut.
694 903 760 930 xv.
786 887 856 936 17,
882 888 954 935 45,
988 889 1057 928 53.
1124 885 1192 926 Ad
1227 899 1349 940 quem
1386 884 1522 926 locum
1559 883 1615 925 sic
1652 877 1823 926 fPhilo:

357 952 627 1016 θεράποντες
658 952 779 1016 τύχῃ
809 952 887 1005 μὲν
921 949 1134 996 ἐλάττονι
1171 947 1422 1011 κέχρηνται,
1460 946 1633 1009 φύσεως
1668 943 1713 991 δὲ
1745 951 1824 1000 τῆς

357 1019 493 1074 αὐτῆς
525 1022 869 1072 μεταποιοῦνται
900 1020 994 1062 τοῖς
1026 1013 1280 1062 δεσπόταις·
1314 1018 1380 1073 τῷ
1409 1011 1452 1058 δὲ
1484 1015 1583 1072 Gela)
1615 1013 1725 1072 νόμῳ
1752 1033 1825 1058 κα-

358 1085 437 1132 νών
469 1089 558 1130 τῶν
585 1082 749 1130 δικαίων
779 1082 915 1134 ἐστὶν,
953 1081 1000 1127 οὗ
1030 1080 1085 1126 τό
1123 1079 1275 1142 τύχης,
1303 1078 1423 1125 ἀλλά
1455 1078 1511 1124 τὸ
1543 1083 1619 1132 τῆς
1649 1080 1823 1141 φύσεως

356 1149 615 1215 ἐναρμόνίθνι
669 1148 732 1195 διό
766 1147 979 1210 ΊΓΡΟΠήΚΕι
1008 1146 1108 1194 ’ΤΟὑς
1141 1148 1304 1208 ΚΙΙΡίΟυς
1333 1146 1393 1200 μὴ
1431 1144 1678 1206 ΚαΤαΚόρως
1715 1147 1825 1206 χρῆ·

357 1220 461 1263 σθαι
487 1220 585 1265 ταῖς
609 1216 823 1275 ἐξουσίαις
850 1213 964 1259 κατα
990 1217 1078 1259 τῶν
1103 1215 1291 1263 οἰκετῶν,
1322 1211 1578 1273 ἀλαζονείαν
1601 1211 1670 1255 καὶ
1697 1210 1827 1270 ὑπερ-

357 1287 494 1346 exiliat)
538 1284 603 1328 Καὶ
645 1280 779 1335 δεινὴν
831 1279 1046 1334 ώμόΤηΤα
1093 1274 1466 1330 ἐπιδΕιΚνυμέυΟυς.
1538 1279 1684 1321 ’Ταῦτα
1730 1276 1826 1335 *γάρ

358 1350 432 1395 οὐκ
460 1346 561 1395 ἔστι
593 1345 815 1408 δείγματα
840 1350 991 1409 ψυχῆς
1016 1348 1233 1406 εἰρηνικῆς,
1267 1343 1370 1389 ἁλλ’
1406 1342 1475 1388 ὑπ’
1512 1342 1721 1404 ἀκρασίας
1747 1340 1827 1386 τὸν

360 1414 595 1462 ὑπεύθυνον
620 1416 743 1471 (male
767 1414 924 1457 editum
948 1411 1190 1467 ἀνεύθυνον)
1215 1408 1484 1472 κολαζούσης
1516 1408 1632 1454 κατὰ
1667 1428 1824 1469 τυραν-

415 1549 429 1564 e
453 1543 528 1572 Non
556 1542 766 1571 dominaberis
793 1540 822 1570 ei
849 1538 941 1578 dure]
977 1539 1060 1569 Vide

356 1594 480 1622 Mosen]
504 1593 543 1620 de
565 1592 660 1620 Kotzi
684 1590 852 1629 praeeeptis
871 1589 1060 1627 jubentibus

358 1643 424 1678 147,
453 1642 520 1678 175,
550 1642 617 1671 178.
660 1643 692 1669 et
728 1640 923 1669 collationem
961 1639 1061 1676 Ieyum

357 1692 462 1720 Mosz's
481 1694 508 1720 et
523 1691 741 1719 Romanarum
765 1689 860 1718 titulo
879 1696 930 1716 111.
973 1687 1061 1715 Pris-

358 1751 414 1771 cus
432 1742 464 1770 in
483 1741 639 1778 excerptis
657 1739 854 1777 legationum
874 1738 929 1766 ubi
944 1737 1061 1765 Roma-

359 1800 417 1820 nos
446 1790 587 1819 barbaris
615 1789 761 1827 praefert:
793 1787 924 1823 ἄμεινον
951 1786 983 1815 δὲ
1008 1785 1062 1814 καὶ

358 1844 432 1870 τοῖς
447 1840 590 1869 οἰκέταις
601 1838 793 1867 διατελοῦσι
805 1837 962 1874 Ῥωμαῖοι
976 1834 1062 1873 χρώ-

359 1902 461 1928 μενοι.
489 1889 646 1926 πατέρων
666 1887 733 1926 ’γάρ
752 1887 769 1922 ἣ
791 1886 998 1915 διδασκάλων
1018 1885 1063 1913 εἰς

361 1939 480 1967 αὐτοὺς
501 1937 584 1975 ἔργα
603 1937 856 1966 ἐπιδείκνυνται.
879 1934 934 1971 ἐφ’
950 1933 974 1971 ᾦ
994 1934 1062 1962 τῶν

361 1988 502 2025 φαύλων
532 1985 768 2023 ἀπεχομένους,
798 1983 947 2021 μετιέναι
975 1982 1062 2019 ἅπερ

361 2037 476 2065 αὐτοῖς
491 2035 607 2073 φαῦλα
622 2033 825 2071 νενόμισται,
841 2031 1062 2069 σωφρονίζου-

362 2098 397 2114 σι
413 2084 503 2123 σφοῖς
516 2084 572 2113 ἐπὶ
589 2086 662 2112 τοῖς
681 2081 930 2119 ἁμαρτήμασιν,
949 2080 1062 2116 ὥσπερ

362 2135 439 2163 τοὺς
469 2134 606 2163 οἰκείους
634 2132 770 2161 παῖδας.
810 2131 881 2159 οὐδὲ
906 2129 971 2168 ’γάρ
999 2129 1063 2158 οὐδ’

363 2185 477 2212 αὐτοῖς
497 2182 653 2218 θάνατον,
673 2180 788 2218 ὥσπερ
811 2178 960 2216 Σκύθαις,
981 2177 1064 2208 ἐτι-α’·

363 2244 438 2271 ’γειν
457 2231 556 2269 Θέμις.
580 2230 766 2267 ἐλευθερίας
787 2229 819 2258 δὲ
841 2228 965 2266 τρόποι
984 2228 1064 2266 παρ’

364 2284 477 2311 αὐτοῖς
485 2282 657 2315 πλεῖστοι,
670 2279 707 2313 ἣν
723 2280 757 2308 οὺ
771 2278 871 2317 μόνον
881 2278 1067 2316 περιόντες,

364 2331 456 2361 ἀλλά
470 2330 524 2360 καὶ
534 2330 763 2359 τελευτῶντες
778 2328 982 2366 χαρίζονται,
998 2329 1066 2358 δια-

364 2380 553 2410 τάττοντες
564 2378 652 2408 κατά
665 2379 726 2412 τῆς
740 2379 931 2415 περιουσίας
945 2378 980 2406 ὃν
991 2379 1067 2415 βού-

364 2430 486 2459 λονται
500 2428 640 2466 τρόπον·
654 2426 706 2456 καὶ
722 2426 817 2464 νόμος
831 2427 936 2463 ἐστιν,
953 2427 1066 2465 ὥσπερ

366 2479 507 2508 ἕκαστος
521 2477 693 2507 τελευταῖν
708 2476 865 2513 περὶτῶν
881 2477 1066 2513 ’προσηκόν-

1127 1550 1195 1567 των
1218 1538 1448 1575 βουλεύσοιτο·
1477 1536 1573 1565 multo
1595 1536 1704 1566 melius
1725 1545 1830 1565 servos

1126 1597 1199 1616 suos
1224 1587 1362 1615 Romani
1383 1589 1531 1622 tractant,
1558 1589 1747 1624 patrumque
1775 1589 1831 1615 aut

1127 1638 1349 1676 mayistrorum
1373 1637 1405 1665 in
1428 1645 1478 1666 eos
1495 1636 1678 1674 fiznyuntztr
1705 1635 1827 1675 officio:

1127 1694 1200 1713 nam
1222 1688 1254 1713 ut
1267 1693 1318 1713 eos
1331 1683 1518 1712 abstrahant
1537 1683 1577 1711 ab
1590 1683 1632 1711 iis
1645 1691 1710 1720 qnae
1733 1682 1830 1711 mori-

1129 1734 1185 1762 bus
1208 1734 1347 1771 ipsorum
1374 1733 1489 1761 illicita
1517 1733 1678 1768 habentur,
1706 1732 1753 1761 ita
1780 1741 1832 1762 eos

1129 1784 1337 1822 delinquentes
1351 1782 1444 1821 quasi
1455 1782 1548 1820 filios
1564 1791 1637 1811 suos
1650 1782 1808 1821 castiqant
1819 1792 1829 1812 .·

1129 1843 1225 1871 neque
1239 1834 1317 1862 enim
1330 1833 1387 1869 jus
1402 1835 1445 1861 est
1464 1841 1515 1861 eos
1529 1831 1677 1868 occidere,
1697 1835 1731 1860 nt
1746 1831 1835 1870 apud

1131 1883 1279 1922 Scythas.
1325 1883 1401 1911 Tum
1415 1891 1488 1911 vero
1503 1882 1657 1911 libertatis
1671 1882 1833 1920 complura

1130 1943 1254 1972 genera,
1278 1943 1372 1971 quam
1394 1942 1454 1962 non
1477 1933 1609 1961 viventes
1637 1934 1756 1961 tantum
1778 1930 1835 1960 sed

1130 1983 1163 2011 in
1188 1983 1296 2011 mortis
1323 1986 1457 2020 tempore
1484 1981 1601 2010 domini
1629 1980 1831 2019 larqiuntur:

1131 2032 1186 2070 qui
1200 2032 1355 2070 quidquid
1368 2031 1514 2061 morituri
1533 2031 1570 2060 (Ie
1593 2040 1626 2059 re
1644 2039 1703 2059 sua
1716 2032 1834 2059 statne-

1131 2082 1205 2118 rint,
1221 2082 1256 2110 id
1269 2082 1346 2120 leqis
1360 2083 1420 2111 vim
1435 2082 1537 2111 habet.
1582 2081 1682 2119 (Pag.
1696 2080 1746 2110 47.
1767 2079 1832 2109 Ed.

1132 2131 1309 2168 IIoescheZ.)
1352 2131 1445 2160 Adde
1466 2131 1561 2169 leqem
1588 2129 1835 2168 Wisiyotthz'cam

1132 2181 1202 2210 Lib.
1220 2189 1266 2210 VI.
1283 2181 1333 2210 tit.
1349 2190 1378 2209 v.
1393 2190 1421 2209 c.
1437 2182 1485 2209 12.

1194 2230 1208 2247 ³
1229 2231 1308 2260 Heio
1332 2231 1426 2259 etiam
1449 2230 1550 2259 voluit
1571 2229 1676 2259 dicere
1697 2229 1833 2266 Auctor,

1133 2279 1235 2309 Levit.
1251 2290 1321 2309 xxv.
1339 2280 1385 2316 17,
1400 2281 1448 2316 43,
1463 2281 1512 2309 53.
1534 2288 1592 2317 pro
1614 2288 1651 2307 eo
1672 2279 1758 2316 quod
1776 2278 1834 2307 ha-

1133 2331 1211 2359 bent
1231 2339 1340 2358 omnes
1357 2329 1529 2358 Editiones.
1575 2327 1621 2357 Et
1638 2328 1711 2356 hinc
1730 2330 1834 2366 patet,

1134 2389 1198 2407 non
1213 2388 1232 2407 a
1247 2378 1468 2417 Typographis
1484 2381 1588 2406 ortum
1604 2387 1671 2406 esse
1685 2377 1834 2406 mendum

1134 2428 1225 2463 illud,
1246 2436 1343 2465 quum
1360 2427 1392 2455 in
1408 2427 1531 2455 duobus
1549 2426 1627 2455 locis
1642 2426 1772 2455 diversis
1791 2426 1837 2455 ita

1136 2480 1320 2507 constanter
1342 2484 1423 2505 unus
1450 2476 1546 2505 Liber
1571 2475 1669 2505 Mosis
1693 2484 1752 2514 pro
1773 2475 1836 2505 alio

368 2646 518 2686 offense,
531 2645 595 2679 did
614 2647 681 2679 not
701 2642 837 2689 punish
857 2642 946 2684 him,
966 2643 1024 2677 till
1044 2642 1092 2678 he
1112 2643 1187 2678 had
1207 2643 1303 2678 been
1321 2641 1554 2678 condemned
1573 2641 1624 2686 by
1643 2640 1708 2675 the
1724 2639 1836 2685 judg-

367 2706 472 2737 ment
501 2701 544 2736 of
569 2701 626 2736 his
655 2701 977 2735 follow-servants.

368 2771 469 2793 cause
490 2760 535 2806 of
547 2770 607 2803 ‘my
628 2763 883 2798 man-servant,
904 2757 970 2791 &c.

1042 2700 1114 2735 See
1135 2700 1208 2735 Job
1234 2699 1329 2734 xxxi.
1357 2702 1413 2741 13,
1439 2699 1489 2743 If
1507 2699 1535 2732 Ι
1550 2698 1614 2732 did
1633 2697 1762 2743 despise
1783 2697 1837 2731 the

438 2815 503 2849 IV.
555 2814 640 2848 And
662 2825 754 2848 even
774 2813 863 2848 with
884 2813 1018 2858 regard
1043 2816 1082 2848 to
1109 2813 1261 2848 smaller
1285 2811 1555 2858 punishments,
1581 2820 1621 2844 as
1642 2809 1773 2854 stripes
1795 2811 1836 2842 to

368 2874 544 2911 servants,
564 2881 618 2904 we
649 2874 749 2905 must
778 2870 891 2916 apply
916 2870 1055 2915 equity,
1080 2870 1154 2904 and
1185 2881 1278 2904 even
1303 2869 1503 2913 clemency.

1565 2865 1646 2900 The
1675 2864 1836 2898 Hebrew

368 2925 437 2960 law
459 2937 552 2972 says,
572 2926 685 2962 Deut.
706 2938 763 2962 xv.
790 2930 846 2969 17,
863 2931 920 2969 45,
939 2931 995 2968 53,
1018 2927 1118 2962 Thou
1137 2927 1230 2961 skalt
1250 2931 1311 2960 not
1331 2935 1472 2970 oppress
1488 2923 1561 2958 him
1578 2933 1646 2956 nor
1665 2920 1742 2955 ναῖε
1762 2919 1835 2954 him
