1971 3326
892 358 1082 402 CAPUT
1118 360 1171 402 X.

371 469 575 506 MONITA
604 470 673 505 DE
704 466 802 511 HIs,
836 470 957 512 QUAE
988 473 1149 508 FIUNT
1179 473 1237 509 IN
1266 474 1432 510 BELLO
1463 475 1692 511 INJUSTO.

340 579 371 614 Ι.
419 579 496 622 Quo
516 591 616 614 sensu
631 581 754 625 pudor
773 586 888 616 vetare
909 582 1006 617 dica·
1093 584 1160 620 IV.
1192 584 1264 628 Qui
1287 585 1378 626 hinc,
1401 591 1432 620 et
1457 592 1628 631 quatenus
1651 587 1701 621 ad
1719 598 1774 622 re-

416 642 488 678 tur,
505 638 599 682 quod
615 637 668 671 leae
683 638 879 683 permittit:
1187 643 1403 678 stitutionem
1419 644 1627 689 obliyentur.

331 693 382 728 ΙΙ.
419 693 596 739 Aptatum
616 695 678 729 hoc
703 696 754 729 ad
770 707 812 730 ca
829 708 909 741 quoe
921 697 1005 743 jure
1102 699 1148 734 V.
1187 698 1250 733 An
1285 712 1340 734 res
1379 707 1492 746 captae
1524 701 1609 735 bello
1646 701 1775 747 injusto

415 752 573 796 yentium
585 753 761 797 permissa
777 753 943 788 diximus.
1187 758 1374 792 reddendae
1389 758 1460 793 sint
1476 759 1520 792 ab
1533 770 1580 800 eo,
1598 759 1660 804 qui
1676 759 1773 805 cepit.

326 806 398 843 III.
416 808 568 843 Interim
613 809 788 856 injustitia
832 811 1005 858 injustum
1095 813 1161 848 VI.
1185 813 1248 849 An
1268 821 1298 850 et
1315 816 1359 850 ab
1375 828 1423 857 eo,
1441 816 1502 862 qui
1518 816 1656 852 detinet.

417 877 494 907 esse,
510 867 605 912 quod
619 878 659 902 ew
679 868 764 902 bello
780 868 910 915 injusto
917 869 975 916 fit.
1277 866 1279 868 ’

306 967 341 1010 Ι.
400 969 425 1010 1
473 969 800 1071 LEGENDA
830 970 930 1011 mihi
959 976 1073 1013 retro
1105 971 1295 1029 vestigia,
1321 979 1364 1015 et
1387 974 1600 1030 eripienda
1621 976 1775 1018 bellum

578 1036 817 1092 gerentibus
840 1051 945 1092 pene
969 1037 1117 1086 omnia,
1137 1052 1229 1094 quae
1252 1039 1427 1097 largitus
1446 1041 1576 1084 videri
1595 1057 1772 1098 possum,

84 1109 230 1136 Lib-iii-4-
303 1115 379 1143 nec
411 1105 551 1143 tamen
579 1101 756 1158 largitus
788 1117 903 1145 sum:
939 1117 1046 1152 nam,
1079 1118 1170 1145 cum
1202 1105 1380 1161 primum
1408 1107 1514 1149 hanc
1535 1108 1643 1164 juris
1674 1124 1774 1166 gen-

303 1167 406 1209 tium
431 1173 592 1223 partem
615 1167 822 1224 explicare
850 1183 938 1210 sum
967 1183 1203 1226 aggressus,
1229 1176 1405 1214 testatus
1429 1188 1530 1223 sum,
1545 1176 1667 1229 juris
1688 1190 1774 1218 esse

304 1239 377 1275 aut
403 1234 527 1276 licere
550 1233 680 1276 multa
704 1234 796 1283 dici,
822 1249 870 1276 eo
895 1235 1006 1290 quod
1023 1235 1189 1292 impune
1208 1237 1322 1288 fiant,
1342 1239 1493 1294 partim
1513 1241 1635 1282 etiam
1661 1241 1773 1297 quod

298 1299 454 1356 judicia
494 1300 678 1342 coactiva
717 1315 832 1342 suam
873 1300 953 1343 illis
993 1302 1280 1345 auctoritatem
1320 1307 1638 1356 accommodent,
1679 1322 1772 1363 quae

303 1372 444 1409 tamen
474 1372 547 1409 aut
574 1366 810 1409 exorbitent
841 1381 865 1409 a
902 1368 1005 1409 recti
1035 1369 1194 1426 regula,
1224 1369 1309 1412 sive
1340 1371 1410 1413 illa
1437 1371 1478 1413 in
1503 1372 1599 1428 jure
1629 1374 1772 1415 stricte

304 1432 425 1483 dicto,
451 1432 537 1475 sive
559 1433 602 1475 in
626 1433 800 1475 aliarum
824 1433 1025 1476 virtutum
1055 1442 1262 1492 praecepto
1291 1437 1425 1493 posita
1454 1446 1528 1488 est,
1554 1445 1627 1482 aut
1659 1446 1773 1482 certe

303 1499 546 1541 omittantur
570 1499 748 1541 sanctius
772 1505 813 1541 et
837 1515 928 1542 cum
954 1500 1100 1556 majori
1123 1502 1234 1558 apud
1259 1503 1388 1545 bonos
1410 1504 1546 1547 laude.

351 1608 359 1616 ,
401 1567 427 1608 2
475 1567 524 1607 In
550 1566 781 1608 Troadibus
807 1566 974 1608 Senecae
999 1567 1149 1610 dicenti
1174 1569 1341 1625 Pyrrho
1367 1571 1489 1624 (vers.
1514 1572 1646 1626 333):

562 1647 640 1682 Lex
660 1647 764 1681 nulla
783 1650 892 1693 capto
913 1647 1043 1693 parcit,
1067 1652 1132 1683 aut
1153 1659 1302 1695 poenam
1323 1650 1501 1698 impedit:

301 1716 459 1775 regerit
482 1717 780 1776 Agamemnon,

564 1798 673 1839 Quod
693 1809 768 1833 non
788 1802 892 1833 vetat
912 1798 982 1841 lex,
1003 1798 1075 1834 hoc
1097 1803 1200 1834 vetat
1220 1800 1300 1835 fieri
1321 1801 1454 1847 pudor.

304 1869 396 1919 Quo
433 1868 475 1910 in
506 1869 595 1910 loco
631 1870 763 1925 pudor
798 1885 881 1911 non
912 1876 997 1912 tam
1029 1871 1238 1913 hominum
1269 1878 1311 1914 et
1346 1872 1478 1922 famae,
1512 1887 1634 1929 quam
1664 1873 1771 1931 aequi

301 1940 344 1976 et
368 1935 475 1984 boni,
502 1941 574 1976 aut
598 1941 710 1977 certe
745 1936 833 1990 ejus
863 1936 973 1990 quod
998 1937 1154 1991 aequius
1188 1938 1412 1994 meliusque
1437 1945 1512 1989 est,
1537 1947 1769 1997 respectum

84 2011 124 2035 Dc
140 2010 283 2036 Fideicom·
302 2000 516 2058 significat.
590 2001 656 2042 Sic
678 2001 719 2042 in
741 2001 1009 2043 Justinianeis
1034 2005 1386 2047 Instz'tutz‘onibus
1410 2005 1583 2062 legimus
1602 2024 1613 2047 ε
1642 2008 1770 2061 fidei-

82 2042 171 2066 hmd'
188 2041 237 2072 §L
302 2069 528 2110 commissa
552 2068 778 2123 appellata
805 2076 917 2117 seme,
943 2070 1051 2123 quia
1079 2071 1197 2111 nullo
1230 2072 1401 2113 vincalo
1415 2073 1549 2126 juris,
1575 2076 1650 2116 sed
1674 2082 1771 2116 tan-

328 2255 510 2290 CHAPTER
539 2255 589 2290 X.
658 2255 855 2301 IVarninsys
876 2258 1086 2303 concerning]
1107 2259 1222 2305 tln'nqs
1242 2260 1330 2294 dove
1350 2260 1389 2294 in
1409 2271 1459 2294 an
1478 2260 1599 2306 mzjust
1626 2259 1729 2294 W'ar.

371 2347 400 2381 I.
456 2351 473 2381 1
508 2347 526 2382 Ι
547 2350 646 2382 must
666 2358 748 2382 now
764 2349 870 2383 tread
888 2349 983 2384 back
1000 2362 1062 2396 my
1080 2354 1191 2397 steps,
1208 2352 1281 2385 and
1302 2352 1389 2386 take
1409 2351 1506 2386 from
1526 2351 1766 2396 belligerents

299 2404 429 2450 nearly
451 2405 511 2445 all,
540 2404 660 2439 which
682 2405 700 2439 I
728 2405 821 2440 have
850 2407 998 2441 seemcd
1027 2412 1066 2442 to
1096 2412 1205 2453 grant
1234 2409 1357 2450 them3
1388 2409 1462 2443 and
1486 2411 1550 2454 yet
1574 2408 1668 2442 have
1699 2411 1766 2442 not

298 2462 415 2508 really
431 2462 612 2507 granted3
641 2462 700 2496 for
727 2462 835 2497 when
856 2464 874 2497 I
896 2464 1015 2509 began
1037 2469 1076 2499 to
1098 2465 1246 2511 explain
1274 2466 1347 2500 this
1371 2469 1455 2511 part
1473 2465 1515 2499 of
1535 2465 1599 2500 the
1621 2466 1708 2498 Law
1729 2464 1773 2499 of

298 2519 469 2560 Nations,
496 2519 514 2553 I
538 2519 700 2554 testified
727 2519 809 2554 that
833 2531 945 2566 many
966 2521 1089 2567 things
1114 2534 1210 2557 were
1230 2523 1309 2557 said
1328 2530 1366 2557 to
1387 2523 1434 2557 be
1456 2523 1537 2563 law,
1564 2533 1607 2556 or
1628 2522 1768 2569 lauful,

298 2575 457 2611 because
481 2576 571 2622 they
598 2588 662 2611 are
691 2577 788 2611 done
818 2577 906 2612 with
932 2578 1140 2625 impunity3
1165 2581 1289 2626 partly
1309 2581 1398 2621 also,
1420 2579 1579 2614 because
1600 2580 1767 2614 coactive

293 2633 509 2678 judgments
521 2634 563 2668 of
571 2633 753 2668 tribunals
767 2635 1046 2670 accommodate
1064 2635 1162 2670 their
1175 2637 1365 2683 authority
1379 2640 1416 2671 to
1431 2637 1553 2672 them:
1576 2636 1684 2670 while
1702 2636 1767 2671 the

298 2689 422 2735 things
455 2690 677 2726 themselves
708 2691 829 2726 either
860 2692 1007 2727 deviate
1038 2693 1137 2727 from
1170 2694 1234 2728 the
1258 2694 1340 2729 rule
1371 2694 1413 2729 of
1445 2694 1556 2740 right,
1580 2692 1767 2736 (whether

298 2746 381 2781 that
406 2747 486 2782 rule
512 2748 559 2782 be
588 2748 781 2793 regulated
804 2748 854 2794 by
874 2749 979 2783 strict
1000 2750 1147 2794 justice,
1177 2761 1219 2785 or
1244 2751 1293 2796 by
1311 2751 1375 2786 the
1396 2755 1567 2796 precepts
1595 2750 1639 2784 of
1655 2749 1766 2784 other

298 2803 464 2845 virtues)
486 2815 528 2838 or
548 2808 586 2839 at
607 2805 712 2847 least,
732 2817 817 2851 may
837 2817 942 2841 more
959 2806 1189 2853 righteously
1206 2808 1281 2842 and
1298 2808 1473 2854 laudably
1493 2808 1539 2842 be
1557 2806 1724 2841 omitted.

372 2863 393 2893 2
424 2861 492 2894 We
517 2861 611 2896 have
638 2862 743 2897 often
770 2864 904 2908 pudor,
928 2864 1058 2905 skama,
1087 2864 1254 2900 referred
1282 2869 1321 2900 to
1343 2876 1381 2899 as
1402 2864 1636 2908 moderating
1660 2863 1765 2897 strict

299 2915 416 2961 rights
431 2928 438 2950 ε
466 2918 588 2961 pudor
604 2920 788 2965 meaning,
805 2925 872 2955 not
889 2931 929 2955 so
951 2921 1063 2956 much
1080 2933 1102 2956 a
1115 2922 1248 2967 regard
1266 2925 1304 2957 to
1322 2921 1536 2967 reputation
1553 2920 1627 2955 and
1647 2915 1764 2955 men’s
