1971 3326
131 158 220 195 CAP.
238 158 328 202 ΙΙΙ.]
457 159 705 200 GENTIUM,
734 157 823 193 UBI
853 157 920 191 DE
953 155 1270 192 INDICTIONE.
1542 152 1592 188 53

132 275 259 312 coetus
282 268 508 326 piratarum
533 273 606 311 aut
633 267 840 310 latronum
869 265 1012 308 civitas
1043 271 1116 315 est,
1141 264 1300 308 etiamsi
1326 265 1433 307 forte
1459 279 1593 321 mqua-

132 336 291 378 litatem
313 336 518 391 quandam
542 335 650 376 inter
674 349 717 376 sc
741 339 920 384 servent,
939 333 1024 374 sine
1048 347 1129 388 qua
1151 331 1285 373 nullus
1308 336 1434 373 coetus
1458 336 1594 387 posset

132 402 366 444 consistere.
431 402 538 443 Nam
569 401 611 442 hi
645 395 850 442 dcriminis
880 413 1001 441 causa
1024 398 1254 441 sociantur:
1290 398 1347 439 illi
1369 397 1445 439 etsi
1467 397 1594 439 inter-

132 468 230 511 dum
267 468 414 511 delicto
452 482 534 509 non
571 473 719 510 vacant
755 466 862 522 juris
904 472 1043 508 tamen
1085 463 1250 506 fruendi
1289 478 1412 506 causa
1452 463 1594 505 sociati

133 541 240 584 sunt,
267 540 308 577 et
333 534 485 577 exteris
509 534 578 590 jus
608 533 799 582 reddunt,
838 532 871 574 si
902 547 984 573 non
1016 546 1091 588 per
1119 530 1255 573 omnia
1286 530 1507 572 secundum
1525 529 1594 585 jus

132 607 306 650 naturae,
339 601 450 657 quod
484 600 633 641 multos
662 598 772 655 apud
807 598 978 655 populos
1010 613 1061 640 ex
1095 603 1215 654 parte
1249 596 1365 653 quasi
1403 596 1594 638 oblitera-

133 673 221 709 tum
255 666 353 709 alibi
384 666 646 715 ostendimus,
682 670 794 706 certe
828 664 1049 706 secundum
1082 669 1204 719 pacta
1241 678 1330 705 cum
1367 662 1595 718 quibusque

134 734 261 784 inita;
296 738 368 775 aut
396 732 616 774 secundum
650 745 796 772 mores.
869 729 936 770 Sic
969 730 1147 778 Graecos,
1177 744 1256 784 quo
1281 735 1466 785 tempore
1490 728 1594 770 mari

134 801 296 857 praedas
330 813 456 856 agere
490 812 565 854 pro
600 796 708 838 licito
740 796 983 845 habebatur,
1010 794 1253 837 abstinuisse
1286 809 1312 836 a
1343 795 1521 836 caedibus
1553 799 1596 836 et

134 864 464 923 populationibus
494 861 716 913 nocturnis,
741 868 783 905 et
806 877 832 904 a
854 867 978 918 raptu
1001 862 1124 903 boum
1148 866 1375 910 aratorum,
1400 866 1517 902 notat
1540 861 1595 902 ad

135 930 420 988 Thucydidem
465 929 714 972 scholiastes,
798 927 912 970 Alios
957 927 1081 969 etiam
1127 927 1311 983 populos,
1355 926 1500 969 itidem
1543 941 1594 968 ex
1613 937 1702 963 Lib-i.
1718 940 1739 963 ⁵.

133 1005 253 1055 rapto
278 997 476 1046 viventes,
507 996 578 1038 ubi
609 1010 661 1038 ex
689 994 795 1037 mari
824 994 989 1037 domum
1013 1009 1057 1036 se
1079 998 1336 1049 receperant,
1361 993 1517 1035 misisse
1541 994 1596 1036 ad

133 1065 316 1107 dominos
340 1066 409 1105 eut
436 1068 559 1118 rapta
585 1061 619 1103 si
648 1062 800 1104 vellent
831 1075 948 1116 aequo
976 1059 1109 1116 pretio
1145 1059 1410 1109 redimerent,
1441 1074 1596 1102 memo-

132 1137 200 1174 rat
225 1130 388 1173 Strabo.
459 1129 526 1171 Ad
550 1128 654 1171 tales
681 1127 861 1185 pertinet
889 1132 931 1169 et
963 1127 1032 1168 ille
1056 1125 1230 1168 Homeri
1257 1125 1368 1168 locus
1399 1128 1597 1182 Odysseae
1614 1138 1783 1195 ξέξέὃρρ.

133 1196 162 1256 ξ
185 1199 305 1253 (vers.
329 1198 399 1247 85,
425 1203 464 1238 et
487 1196 615 1251 seqq.)
635 1210 645 1237 :
1663 1188 1669 1198 '
1731 1189 1734 1193 ’

362 1275 428 1310 Καὶ
452 1274 513 1319 μὲν
536 1272 720 1318 δυσμενέες
745 1272 797 1307 καὶ
821 1271 990 1319 ἀνάρσιοι,
1014 1270 1050 1306 οἵ
1070 1271 1099 1307 τ’
1124 1272 1181 1308 ἐπὶ
1206 1273 1305 1319 γαίης

359 1330 553 1378 Ἀλλοτρίης
575 1332 700 1372 βῶσιν,
723 1330 778 1364 καί
803 1331 891 1375 σφιν
915 1330 997 1366 Ζεὺς
1020 1327 1124 1374 ληΐδα
1148 1329 1229 1378 δῴη,

362 1388 586 1434 Πλησάμενοι
609 1387 649 1423 δέ
671 1402 709 1421 τε
733 1389 814 1431 νῆας
839 1388 923 1429 ἔβαν
947 1387 1076 1422 οἶκόνδε
1101 1387 1255 1430 ἕκαστος,

361 1445 426 1482 Καὶ
449 1447 511 1492 μὲν
533 1447 606 1482 τοῖς
630 1444 748 1481 ὄπιδος·
771 1446 934 1491 κρατερὸν
957 1444 1034 1481 δέος
1058 1446 1093 1479 ἐν
1117 1445 1226 1491 φρεσὶ
1249 1446 1377 1481 πίπτει.

363 1527 439 1573 Ipsi
460 1526 574 1561 etiam
592 1529 720 1571 raptus
743 1525 853 1565 avidi,
875 1526 938 1571 qui
959 1526 1081 1560 aliena
1101 1529 1298 1571 pererrant

362 1584 518 1623 Littora,
541 1594 718 1618 concessu
740 1582 925 1628 Superum
946 1583 976 1617 si
996 1583 1122 1629 praeda
1141 1587 1291 1629 reperta
1312 1586 1380 1625 est,

362 1641 529 1675 Navibus
549 1640 710 1686 impletis
731 1639 883 1681 abeunt,
904 1644 943 1675 et
962 1640 1044 1674 vela
1064 1644 1304 1686 retorquent:

365 1698 511 1744 Quippe
526 1698 628 1732 Deos
643 1700 816 1732 metuunt
833 1708 1017 1732 memores
1033 1697 1138 1732 fandi
1155 1701 1267 1743 atque
1284 1696 1450 1732 nefandi.

132 1813 204 1834 num
225 1813 285 1833 non
299 1803 363 1842 leqe
382 1803 580 1840 conqreqaffa,
599 1799 655 1828 sed
671 1798 833 1835 injustitia?
900 1812 962 1830 σαν
977 1800 1012 1829 ἐκ
1026 1800 1185 1838 παλαιοῦ,
1197 1800 1434 1838 τελευτῶντες,
1449 1801 1519 1830 οὐδὲ
1531 1801 1600 1830 τῶν

131 1864 231 1884 causa
254 1855 286 1883 ἰη
307 1863 400 1882 unum
423 1855 543 1881 coacta.
595 1849 768 1887 Procopius
793 1858 833 1878 11.
900 1850 1130 1880 εἰσπλεόντων
1150 1851 1230 1888 παρ’
1253 1852 1370 1880 αὐτοὺς
1394 1851 1447 1880 καὶ
1471 1850 1599 1890 χρωμέ·

138 1904 390 1935 Vandalicormn.
432 1902 529 1939 (Cap.
544 1899 608 1937 15⁴)
899 1911 961 1929 νων
982 1900 1168 1939 ἀπείχοντο
1189 1900 1299 1939 ξένων·
1324 1910 1391 1930 cum
1411 1901 1451 1930 ab
1472 1901 1599 1939 antiquo

193 1959 206 1974 Ε
233 1953 275 1983 Ut
302 1955 399 1990 rapta
425 1952 454 1980 si
482 1950 592 1979 vellent
619 1958 704 1987 (equo
724 1949 830 1987 pretio
898 1949 983 1978 mari
997 1949 1127 1987 praedas
1143 1950 1284 1988 wis-cent,
1300 1953 1489 1989 postremum
1506 1959 1542 1979 ne
1559 1950 1601 1978 iis

133 2002 331 2040 redimerent]
355 2001 449 2031 Tales
471 2002 503 2029 et
523 1999 569 2028 illi
590 2008 723 2037 quorum
748 1999 830 2028 Saxo
898 1998 1021 2037 quidem
1032 1999 1087 2037 qui
1100 1999 1145 2028 ad
1157 2008 1208 2028 eos
1221 1999 1306 2037 ipsos
1316 2000 1489 2029 commercii
1503 2008 1601 2029 causa

133 2052 277 2081 meminit
300 2052 381 2080 libro
407 2059 480 2079 xiv.
512 2049 603 2087 (pag.
627 2047 715 2085 234.)
752 2048 830 2077 Ideo
898 2049 1100 2087 naviqabant,
1119 2049 1294 2079 abstinuere
1311 2049 1474 2086 injuriam.
1515 2051 1599 2089 (Vit.

134 2102 256 2140 Scyrios
267 2100 455 2130 Plutarchus
469 2108 539 2128 cum
551 2101 694 2136 tempore
708 2098 831 2137 pejores
901 2099 1026 2130 Cimon.
1042 2109 1074 2138 p.
1085 2100 1145 2129 483
1159 2099 1207 2139 c.)

132 2153 235 2182 factos
249 2153 358 2181 notat:
379 2148 566 2187 ληϊζόμενοι
582 2148 613 2177 δὲ
628 2147 689 2184 τήν
704 2147 831 2178 θάλασ-

133 2301 288 2336 robbers
309 2311 351 2335 or
370 2300 508 2346 pirates
529 2311 551 2334 a
571 2303 678 2341 state,
699 2299 879 2345 although
899 2299 990 2348 they
1004 2311 1177 2346 preserve
1194 2311 1217 2335 a
1236 2303 1314 2335 sort
1331 2300 1374 2335 of
1389 2299 1499 2346 equal
1519 2299 1600 2334 rule

133 2369 269 2404 among
289 2357 404 2398 them,
420 2357 576 2392 without
592 2357 711 2391 which
729 2357 862 2391 indeed
879 2368 928 2392 no
945 2357 1046 2403 body
1062 2358 1105 2392 of
1118 2369 1202 2393 men
1220 2369 1290 2392 can
1309 2357 1398 2392 hold
1414 2356 1597 2403 together.

133 2416 209 2450 For
228 2414 318 2450 such
339 2426 361 2448 a
377 2414 477 2460 body
493 2415 522 2449 is
540 2414 745 2449 associated
762 2414 822 2448 for
837 2414 902 2449 the
917 2426 1078 2461 purpose
1096 2415 1139 2450 of
1151 2415 1280 2450 crime:
1303 2415 1372 2450 but
1385 2415 1449 2449 the
1462 2414 1599 2452 others,

133 2471 277 2517 though
291 2471 380 2517 they
394 2482 457 2505 are
468 2475 534 2505 not
546 2471 625 2506 free
635 2471 733 2505 from
746 2471 852 2512 fault,
869 2483 933 2507 are
949 2472 1154 2507 associated
1168 2473 1218 2518 by
1230 2472 1374 2506 mutual
1385 2471 1512 2516 rights,
1526 2470 1600 2504 and

134 2528 396 2573 acknowledge
422 2528 562 2562 certain
583 2527 700 2573 rights
721 2528 759 2561 in
780 2528 925 2571 others3
956 2529 990 2563 if
1010 2534 1077 2564 not
1100 2529 1218 2575 rights
1243 2529 1441 2572 according
1461 2531 1500 2561 to
1520 2527 1557 2560 N
1560 2538 1600 2560 a-

132 2586 233 2620 tural
249 2586 337 2620 Law
358 2583 494 2627 (which
518 2585 548 2618 is
569 2585 673 2619 often
701 2585 812 2620 much
838 2583 1088 2627 obliterated),
1118 2590 1181 2632 yet
1205 2585 1322 2631 rights
1342 2584 1540 2629 according
1559 2588 1599 2618 to

135 2643 277 2678 certain
306 2642 546 2677 conventions
576 2653 618 2676 or
643 2653 785 2687 usages.
838 2643 940 2678 Thus
965 2643 1029 2677 the
1051 2643 1205 2684 Greeks,
1221 2642 1329 2676 while
1354 2641 1443 2686 they
1462 2640 1550 2674 held
1571 2641 1601 2674 it

134 2699 261 2734 lawful
280 2703 319 2734 to
340 2699 500 2745 plunder
527 2702 565 2732 at
586 2709 659 2740 sea,
679 2699 873 2734 abstained
897 2700 995 2734 from
1015 2700 1177 2740 murder,
1197 2699 1295 2733 from
1319 2697 1601 2743 night-attacks,

134 2757 209 2791 and
234 2757 333 2792 from
367 2756 503 2801 seizing
533 2766 628 2790 oxen
652 2756 726 2790 and
747 2756 915 2801 ploughs,
944 2768 984 2791 as
1010 2756 1075 2790 the
1102 2756 1285 2790 Scholiast
1305 2759 1344 2789 to
1366 2754 1601 2800 Thucydides

133 2819 253 2850 notes.
303 2813 422 2848 Other
438 2813 597 2854 nations,
622 2824 661 2847 as
682 2813 898 2847 mentioned
918 2813 968 2859 by
987 2813 1133 2854 Strabo,
1153 2812 1234 2846 who
1255 2812 1353 2847 lived
1373 2812 1423 2858 by
1442 2811 1603 2858 plunder

133 2875 174 2905 at
191 2882 264 2913 sea,
284 2882 380 2906 were
406 2871 443 2904 in
465 2870 529 2905 the
550 2869 667 2911 habit,
680 2869 788 2904 when
808 2869 898 2916 they
918 2869 992 2904 had
1013 2870 1155 2904 carried
1176 2869 1276 2904 their
1299 2869 1459 2917 plunder
1478 2869 1600 2908 home,

134 2928 178 2963 of
198 2928 353 2973 sending
371 2933 409 2963 to
430 2927 495 2963 the
517 2938 658 2963 owners
680 2931 718 2962 to
740 2938 888 2962 ransom
909 2927 938 2962 it
956 2930 995 2962 at
1015 2938 1037 2962 a
1057 2927 1128 2962 fair
1147 2927 1260 2973 price.
1316 2927 1365 2961 So
1382 2926 1535 2962 Homer.
