1971 3326
131 161 223 197 OAP.
244 158 332 202 ΙΧ.]
641 156 710 190 DE
741 152 1092 190 POSTLIMINIO.
1521 143 1600 188 171

131 284 256 326 quam
293 282 375 324 quo
410 266 519 309 idem
558 266 721 308 dixerat
759 262 1022 321 Pomponius.
1091 262 1143 303 In
1173 274 1274 317 pace
1296 257 1602 315 postliminium,

132 335 211 378 nisi
241 334 363 377 aliter
398 332 647 382 convenerit,
671 337 735 374 est
758 326 778 352 ¹¹
793 331 858 372 his
886 329 957 386 qui
985 343 1068 371 non
1098 327 1253 370 virtute
1287 325 1432 368 bellica
1461 339 1604 380 super-

133 401 206 451 ati,
254 401 328 443 sed
373 400 460 442 fato
506 414 579 441 suo
627 400 639 424 ¹
654 396 900 454 deprehensi
942 401 1050 447 sunt,
1098 399 1146 436 ut
1195 392 1267 448 qui
1316 406 1408 434 cum
1451 391 1604 432 bellum

133 467 268 511 subito
302 467 457 509 exarsit
493 465 605 522 apud
642 465 781 506 hostes
816 462 1094 520 reperiuntur.
1164 459 1272 501 Aliis
1307 463 1446 500 autem
1478 456 1605 512 capti-

134 534 264 578 visin
300 548 401 591 pace
437 531 729 590 postliminium
764 545 847 572 non
883 535 958 578 est,
993 523 1095 569 inisi
1130 526 1196 568 2id
1225 525 1356 582 pactis
1382 528 1474 566 erat
1498 537 1605 564 com-

134 601 397 659 prehensum,
434 605 481 641 ut
515 598 668 654 optime
699 612 793 639 eum
829 593 1097 653 Tryphonini
1130 593 1264 635 locum
1292 590 1486 633 emendat
1509 590 1605 631 doc·
1623 598 1755 626 sem.i.7.

135 667 314 710 tissimus
337 668 488 708 Petrus
512 664 662 713 Faber,
694 677 776 704 non
800 662 1061 717 improbante
1092 659 1285 715 Cujacio:
1320 672 1415 699 nam
1450 656 1528 697 hoc
1564 661 1607 697 et

135 734 320 790 subjecta
342 732 448 774 ratio
473 736 515 773 et
538 729 767 786 oppositum
787 728 1015 770 membrum
1037 732 1182 782 aperte
1205 724 1409 766 evincunt.
1447 725 1606 764 Pacem

125 803 299 857 fecerat
321 799 510 855 captivis
532 797 737 844 dimissis,
754 797 822 837 ita
846 795 957 836 enim
976 799 1234 840 convenerat,
1257 789 1391 846 inquit
1410 790 1604 830 Zonaras.
1624 802 1702 826 rom.
1716 806 1762 826 111.

138 867 198 909 Et
222 864 497 922 Pomponius:
531 865 572 906 si
595 864 808 919 captivus,
833 862 885 903 de
902 875 983 914 quo
1006 861 1054 901 in
1069 872 1181 914 pace
1200 857 1540 911 cautumfuerat
1560 862 1608 895 ut
1627 873 1658 895 L.
1672 871 1711 894 20.
1727 871 1761 894 ι).
1775 869 1809 893 aa

138 935 312 982 rediret,
331 947 410 975 sua
439 932 658 973 voluntate
687 929 806 985 apud
833 929 970 969 hostes
999 926 1179 973 mansit,
1208 938 1292 965 non
1316 931 1376 964 est
1400 923 1439 963 ei
1454 929 1609 976 postea
1625 903 1696 932 ὥρι’

129 1000 463 1056 postliminium.
511 996 689 1038 Paulus:
709 997 750 1038 si
770 996 818 1036 in
842 995 946 1036 bello
968 1000 1122 1048 captus
1152 1005 1263 1045 pace
1270 991 1407 1045 facta
1438 989 1549 1030 dom.
1568 1002 1611 1028 m
1628 1000 1661 1024 L.
1674 999 1713 1023 28.
1725 998 1752 1023 a.
1768 997 1810 1023 m.

138 1067 313 1121 refuyit,
342 1064 615 1120 postliminio
637 1063 751 1104 redit
777 1062 838 1102 ad
859 1075 952 1102 eum
978 1075 1008 1101 a
1038 1073 1123 1114 quo
1140 1059 1292 1113 priore
1323 1056 1430 1097 bello
1457 1062 1612 1109 captus

139 1139 265 1174 erat:
300 1133 341 1174 si
371 1132 494 1172 modo
529 1144 613 1172 non
648 1128 889 1172 convenerit
921 1127 970 1168 in
1004 1139 1128 1181 pace,
1165 1132 1218 1166 ut
1258 1122 1423 1180 captivi
1463 1121 1611 1163 redde-

138 1205 303 1241 rentur.

243 1266 270 1306 2
320 1264 497 1306 Causam
528 1277 600 1304 cur
635 1262 688 1303 de
718 1260 783 1303 his
818 1259 888 1316 qui
923 1257 1070 1300 bellica
1105 1256 1262 1299 virtute
1295 1253 1406 1311 capti
1437 1257 1533 1296 sunt
1567 1251 1611 1295 id

140 1330 341 1389 placuerit
363 1344 415 1371 ex
440 1328 586 1372 Servio
614 1329 721 1370 hanc
744 1327 865 1369 affert
883 1323 1193 1381 Tryphoninus,
1214 1323 1322 1378 quia
1339 1335 1455 1375 spem
1475 1335 1613 1362 rever-

144 1399 263 1441 tendi
290 1398 455 1440 civibus
481 1398 529 1438 in
552 1397 712 1437 virtute
734 1394 888 1436 bellica
911 1392 1054 1446 nia-qis
1078 1404 1207 1445 quam
1228 1390 1275 1431 in
1297 1402 1404 1443 pace
1423 1387 1613 1428 Romani

144 1480 231 1507 esse
253 1465 494 1512 voluerunt,
518 1461 712 1503 nimirum
735 1465 782 1501 ut
806 1457 949 1500 Livius
972 1456 1155 1512 loquitur
1178 1455 1232 1497 ab
1255 1454 1425 1509 antiquo
1449 1452 1614 1494 minime
1632 1464 1691 1490 Lib.
1705 1463 1772 1489 xxii.
1782 1463 1821 1487 59.

143 1530 363 1588 indulgens
386 1529 429 1571 in
453 1527 638 1585 captivos
662 1525 819 1569 civitas.
867 1524 951 1567 Sed
973 1524 1063 1565 haec
1086 1521 1192 1564 ratio
1216 1522 1499 1563 Romanorum
1521 1533 1616 1575 pro-

143 1649 374 1679 Alemanorum
390 1645 575 1676 Suomario:
593 1653 705 1683 pacem
720 1642 848 1681 yenibus

145 1699 283 1729 curvatis
297 1698 426 1727 orabat.-
450 1700 477 1725 et
492 1705 560 1725 eam
578 1704 646 1724 cum
659 1692 850 1723 concessione

138 1749 373 1788 praeteritorum
383 1747 438 1775 sub
451 1746 511 1774 hac
520 1746 631 1773 meruit
640 1743 713 1781 leqe,
727 1745 760 1771 ut
775 1750 850 1778 cap-

146 1799 227 1829 tivos
239 1798 383 1828 redderet
396 1799 527 1825 nostros.
556 1794 650 1831 (Cap.
661 1794 708 1821 10.
726 1801 758 1829 p.
769 1790 851 1828 188.)

146 1849 227 1879 Mox
250 1849 289 1877 de
313 1846 485 1876 Sarmatis:
500 1843 587 1880 jussi
609 1842 744 1871 obtinere
765 1840 852 1869 sedes

147 1897 302 1936 impavidi
335 1899 457 1924 nostros
489 1892 655 1923 reddidere
689 1891 849 1929 captivos.-

148 1949 247 1987 (Cap.
263 1946 327 1985 12.)
350 1946 388 1974 de
409 1945 472 1973 alia
490 1953 615 1974 rursum
637 1943 852 1971 Sarmatarum

149 2001 241 2037 parte
256 1998 339 2026 idem
355 1996 442 2025 dicit.
483 1993 582 2032 Apud
598 1993 753 2021 Zonaram
769 1990 853 2019 mul-

150 2052 185 2078 ta
207 2048 300 2078 talia:
330 2047 413 2075 inter
436 2047 542 2074 cetera
563 2043 595 2071 in
613 2042 707 2071 rebus
730 2040 853 2070 Micha-

151 2099 209 2128 e'lis
234 2097 287 2136 qui
309 2097 393 2125 filius
419 2093 599 2132 Theophili,
631 2092 669 2120 de
711 2091 854 2129 Bulgaro

150 2149 303 2187 loquens:
324 2148 401 2175 τοὺς
422 2142 658 2182 αἰχμαλώτους
678 2140 855 2178 ἐλευθερῶ-

153 2211 210 2229 σαι
226 2197 392 2227 συνέθετο·
405 2194 553 2233 promisit
567 2192 701 2230 captivis
715 2200 746 2220 se
761 2191 855 2219 datu-

152 2258 223 2280 rum
238 2248 421 2277 libertatem.
464 2243 636 2282 [Lib.xw.
653 2250 761 2279 cap.v.
779 2249 854 2278 pag.

915 1639 985 1670 163.
1005 1638 1097 1668 Edit.
1112 1638 1193 1676 Req.
1233 1637 1324 1666 Idem
1338 1638 1386 1665 est
1399 1636 1497 1672 locus,
1517 1635 1571 1673 qui
1584 1635 1618 1664 in

916 1691 1069 1719 contextu
1098 1687 1205 1726 paullo
1228 1689 1302 1725 post
1323 1686 1422 1715 latine
1445 1683 1617 1723 adfertur.]

916 1739 1046 1768 Nicetas
1069 1738 1150 1766 libro
1169 1746 1207 1768 11.
1231 1737 1315 1774 (cap.
1336 1736 1369 1773 3)
1395 1735 1526 1773 captivis
1549 1744 1618 1764 om-

916 1789 1009 1818 nibus
1040 1788 1220 1817 libertatem
1250 1788 1296 1816 ait
1329 1786 1446 1822 datam,
1478 1785 1620 1822 exceptis

918 1838 1093 1869 Corinthiis
1108 1841 1140 1867 et
1156 1837 1317 1867 Thebanis
1331 1836 1404 1865 viris
1423 1845 1459 1865 ac
1478 1835 1621 1864 mulieri-

917 1890 988 1918 bus.
1028 1888 1195 1917 Interdum
1216 1886 1364 1916 convenit
1386 1889 1423 1915 ut
1446 1885 1622 1914 reddantur

918 1938 1036 1977 captivi
1057 1938 1112 1976 qui
1133 1947 1152 1966 a
1173 1937 1336 1975 republica
1353 1935 1565 1974 possidentur,
1585 1936 1623 1963 ut

917 1988 1003 2026 apud
1018 1987 1235 2026 Thucydidem
1250 1995 1281 2016 v.
1300 1986 1385 2024 (cap.
1399 1985 1466 2023 18.)

978 2038 992 2055 2
1013 2038 1106 2067 Hanc
1121 2037 1386 2072 emendationem,
1400 2036 1444 2072 id,
1460 2045 1518 2074 pro
1532 2035 1623 2072 nihil,

919 2088 1128 2118 necessariam
1144 2096 1208 2116 non
1222 2096 1299 2122 esse,
1315 2087 1455 2116 ostendit
1469 2085 1623 2124 Ampliss-

920 2139 1224 2174 BYNGKERSHOEK,
1252 2136 1326 2167 Obs.
1348 2136 1419 2167 Lib.
1437 2146 1459 2165 1.
1482 2144 1553 2173 cap.
1573 2135 1622 2166 20.

920 2189 958 2219 J.
976 2189 1019 2218 B.

157 2415 208 2451 So
228 2412 491 2459 Triphoninus,
507 2409 715 2451 emended3
744 2408 818 2443 and
839 2410 1014 2444 Zonaras.

1075 2407 1305 2454 Pomponius
1326 2417 1419 2453 says,
1440 2406 1492 2451 If
1503 2417 1527 2440 a
1545 2405 1627 2451 pri-

155 2483 259 2507 soner
279 2472 326 2515 of
337 2482 428 2511 war,
449 2470 548 2514 beiny
573 2468 722 2502 allowed
748 2468 791 2512 by
818 2472 933 2512 treaty
959 2472 993 2501 to
1014 2472 1150 2506 return,
1171 2466 1303 2499 chooses
1323 2470 1357 2498 to
1377 2463 1517 2497 remain
1542 2463 1628 2496 with

159 2530 212 2564 the
231 2539 361 2572 enemy,
376 2528 415 2560 he
432 2526 514 2560 loses
529 2524 801 2570 postliminium.
836 2524 976 2558 Paulus
993 2534 1087 2569 says,
1107 2523 1157 2567 If
1169 2534 1193 2556 a
1213 2522 1347 2566 captive
1362 2521 1410 2565 of
1421 2532 1512 2560 war,
1529 2521 1628 2564 aster

154 2597 260 2633 peace
284 2585 314 2618 is
338 2584 451 2624 made,
476 2594 609 2628 escapes
639 2588 673 2616 to
698 2582 750 2615 his
780 2582 887 2623 home,
918 2582 961 2626 by
985 2580 1248 2626 postliminium
1274 2579 1313 2612 he
1343 2583 1486 2612 returns
1511 2583 1544 2611 to
1575 2577 1628 2611 the

159 2648 291 2678 master
307 2647 340 2676 to
357 2642 470 2674 whom
487 2641 526 2674 he
541 2651 614 2673 was
631 2639 764 2684 captive
779 2639 913 2684 dariny
930 2639 983 2672 the
995 2649 1085 2679 war,
1096 2642 1212 2683 except
1227 2636 1318 2670 there
1335 2636 1371 2670 be
1387 2646 1412 2668 a
1426 2634 1629 2669 conventioni

161 2701 237 2736 that
253 2698 402 2745 captives
422 2708 485 2731 are
504 2703 537 2731 to
559 2698 595 2731 be
613 2697 790 2731 returned.

236 2761 258 2791 2
298 2756 378 2791 The
409 2765 542 2789 reason
574 2753 657 2799 why
686 2753 848 2798 captives
877 2752 990 2786 taken
1020 2752 1060 2784 in
1088 2761 1163 2784 war
1192 2760 1256 2783 are
1285 2748 1372 2783 thus
1402 2748 1558 2783 allowed
1589 2752 1630 2784 to

160 2814 304 2850 remain
321 2814 359 2846 in
376 2812 440 2847 the
458 2810 619 2857 enemy's
636 2810 766 2850 hands,
782 2810 812 2843 is
828 2809 937 2854 given
952 2808 1002 2854 by
1016 2807 1301 2853 Tryphoninus;
1321 2806 1413 2840 That
1427 2807 1503 2852 they
1519 2806 1631 2852 miyht

157 2872 261 2920 place
290 2870 378 2905 their
407 2871 493 2915 hope
516 2870 564 2914 of
579 2867 766 2912 returniny
790 2866 912 2900 rather
935 2866 974 2899 in
1003 2865 1131 2899 valour
1161 2865 1247 2898 than
1279 2864 1318 2898 in
1337 2875 1453 2909 peace,
1475 2875 1549 2898 was
1579 2864 1633 2898 the

162 2930 249 2964 ivish
268 2929 316 2973 <ff
328 2928 381 2963 the
400 2927 563 2962 Romans
575 2938 587 2960 .·
612 2925 677 2961 tho
697 2925 772 2971 city
792 2923 928 2968 having
952 2922 1048 2958 little
1076 2921 1298 2968 indulgence
1318 2921 1378 2957 for
1398 2921 1571 2968 captives,
1590 2931 1632 2956 as
