1971 3326
353 180 438 223 290
603 187 673 222 DE
703 186 803 228 HIS,
835 186 926 228 QUI
956 186 1014 221 IN
1043 185 1209 221 BELLO
1241 186 1393 222 MEDII
1424 187 1574 223 SUNT.
1636 186 1735 231 [Lm.
1753 187 1826 223 111.

351 299 462 342 solvi
479 298 629 354 jussit,
660 306 788 354 atque
818 313 869 340 ea
888 298 1078 352 justitioe
1098 297 1235 351 sama
1264 297 1452 338 omnium
1473 298 1605 352 fidem
1627 299 1714 340 sibi
1747 299 1827 340 ad-

351 366 544 408 strinxit.
615 364 683 406 De
707 363 903 406 Parthica
929 361 1158 404 Alexandri
1183 361 1329 404 Severi
1356 361 1616 418 expeditione
1639 363 1828 420 Lampri-

353 431 469 474 dius:
508 439 635 473 tanta
669 431 922 485 disciplina,
967 437 1092 471 tanta
1132 429 1373 471 reverentia
1408 430 1484 470 sui
1521 430 1621 483 eyit,
1659 438 1708 472 ‘ut
1742 445 1827 472 non

352 499 524 550 milites,
560 499 634 539 sed
667 504 884 539 senatores
916 496 1106 538 transire
1137 496 1410 537 dicerentur:
1443 510 1709 552 quacumque
1742 498 1828 538 iter

351 565 511 606 milites
535 564 782 618 faciebant,
818 563 985 604 tribuni
1022 562 1222 610 accincti,
1272 563 1538 604 centuriones
1584 563 1825 612 verecundi,

350 631 511 672 milites
532 630 743 672 amabiles
766 636 916 671 erant:
943 629 1086 684 ipsum
1111 642 1209 669 vero
1233 628 1282 669 ob
1303 628 1393 670 lioec
1417 635 1478 669 tot
1501 636 1541 670 et
1565 636 1692 670 tanta
1717 629 1828 671 bona

341 697 640 752 provinciales
669 704 717 738 ut
751 697 896 738 Deum
928 695 1234 750 suscipiebant.
1305 694 1395 736 cDe
1432 693 1611 744 Gotthis‚
1645 693 1825 745 Hamis,

130 775 330 837 {asin'ssssssssyt'
350 762 494 804 Alanis
519 762 590 818 qui
608 761 840 805 Theodosio
862 762 1079 804 merebant
1103 759 1406 817 Panegyrista:
1434 762 1580 804 nullus
1602 761 1826 811 tumultus,

130 824 239 861 v'etjm.
325 826 474 871 ‘nulla
504 830 711 883 confusio,
747 829 873 870 nulla
902 828 1090 882 direptio
1119 835 1168 868 ut
1199 842 1228 867 a
1259 828 1463 869 barbaris
1492 835 1586 870 erat
1601 843 1617 876 ‚·
1653 829 1763 883 quin
1786 828 1827 870 si

349 897 522 952 quando
545 897 764 951 difficilior
774 895 1083 950 frumentaria
1106 908 1174 935 res
1183 894 1361 947 fuisset,
1391 895 1588 949 inopiam
1606 895 1826 948 patienter

336 964 525 1018 ferebat,
565 970 604 1004 et
644 977 774 1018 quain
812 976 987 1004 numero
1025 967 1219 1001 arctaret
1257 974 1476 1001 annonam
1516 961 1826 1016 comparcendo

351 1030 545 1071 laxabat.
619 1028 806 1070 Stiliconi
834 1027 1086 1069 Claudianus
1110 1025 1219 1067 idem
1244 1025 1418 1067 tribuit:

131 379 195 411 Cap.
209 381 246 406 50.

130 1046 165 1070 1η
179 1051 189 1069 1
204 1047 280 1071 Con-5.

128 1077 230 1101 Stilich.
241 1077 299 1102 Lib.
312 1078 329 1102 i.

127 1114 152 1132 v.
164 1109 249 1138 ¹⁶²st
261 1115 330 1140 ΜΝ·
611 1113 733 1148 Tanta
753 1113 868 1158 quies,
883 1112 1052 1157 jurisque
1073 1114 1194 1146 metus
1215 1114 1381 1146 servator
1400 1110 1548 1146 honesti

611 1171 666 1205 Te
686 1171 908 1206 moderante
928 1169 1012 1210 fuit,
1032 1168 1144 1203 nullis
1167 1171 1208 1203 ut
1230 1168 1337 1203 vinea
1355 1168 1466 1203 furtis

608 1227 686 1263 Aut
706 1239 810 1274 seges
828 1231 958 1274 erepta.
979 1226 1173 1263 fraudaret
1193 1237 1313 1261 messe
1334 1225 1521 1261 colonum.

349 1290 433 1338 dEt,
456 1293 656 1337 Belisario
683 1294 844 1337 Suidas.

407 1430 420 1447 0
440 1424 493 1454 De
510 1422 650 1462 Gotthis]
682 1423 787 1452 Multa
801 1423 841 1452 de
860 1423 954 1462 hujus
973 1431 1052 1461 gen-

346 1475 388 1504 tis
409 1474 566 1503 modestia
591 1474 745 1502 habemus
769 1473 855 1511 apud
883 1472 1053 1501 Cassiodo-

345 1535 429 1561 rum,
455 1527 491 1553 ut
513 1535 541 1553 v.
570 1525 616 1560 10,
639 1525 686 1559 11,
707 1525 755 1553 13.
797 1523 921 1552 Eodem
945 1525 1052 1550 autem

345 1576 427 1604 libro
444 1575 579 1613 epistola
593 1573 642 1604 26.
686 1573 755 1602 Nec
771 1581 987 1611 possessorum
1004 1580 1052 1599 se-

347 1628 428 1664 qetes
448 1628 504 1654 aut
524 1627 624 1662 prata
646 1623 781 1658 vastetis,
805 1622 861 1651 sed
886 1622 942 1650 sub
970 1620 1053 1649 omni

347 1675 535 1705 continentia
558 1677 751 1713 properate:
783 1676 815 1702 ut
842 1676 939 1711 qrata
965 1671 1053 1700 nobis

347 1735 410 1756 esse
430 1729 534 1754 vestra
560 1724 700 1754 occursio
721 1723 830 1761 possit.
876 1722 962 1760 Quia
984 1721 1052 1750 ideo

346 1775 552 1805 exercituales
578 1774 681 1813 qratis
715 1773 853 1801 subimus
886 1772 1051 1810 impensas,

346 1829 380 1855 ut
393 1827 433 1855 ab
449 1826 582 1855 armatis
596 1824 792 1854 custodiatur
810 1824 929 1852 intacta
950 1822 1053 1851 civili-

347 1878 407 1905 tas.
441 1875 514 1904 Lib.
530 1884 577 1903 IX.
592 1876 642 1903 25.
664 1874 764 1902 Arma
783 1874 849 1909 ejus
870 1873 959 1902 nulla
974 1882 1052 1910 pos-

347 1933 499 1954 sessorum
514 1924 630 1952 damna
644 1927 812 1952 senserunt.

405 1973 420 1994 ‘¹
442 1974 488 2003 Et
508 1972 669 2002 Belisario
692 1971 826 2009 Szcidas]
857 1970 949 2009 Saepe
969 1971 1051 2000 hanc

346 2024 379 2054 in
408 2023 562 2053 Belisario
592 2022 743 2050 virtutem
769 2021 922 2058 praedieat
947 2029 1052 2050 comes

347 2074 414 2112 ejus
428 2073 583 2110 testisque
593 2070 754 2099 actionum
767 2070 951 2107 Procopius,
968 2069 1051 2098 Vide

346 2123 508 2162 egregiam
525 2122 592 2160 ejus
608 2120 783 2149 orationem
804 2120 866 2148 hue
886 2120 1051 2157 pertinen-

346 2176 424 2210 tem,
437 2181 532 2211 quam
548 2172 587 2200 ad
603 2171 719 2199 milites
733 2170 845 2198 habuit
855 2179 955 2208 prope
971 2170 1049 2199 Sici-

345 2224 431 2260 liam,
452 2231 522 2251 cum
543 2221 576 2249 in
597 2220 739 2249 Africam
759 2220 915 2256 tenderet,
940 2229 1050 2249 narra-

346 2274 530 2311 tionemque
544 2271 666 2300 itineris
683 2280 740 2308 per
755 2270 895 2299 Africam
922 2269 1049 2299 Vanda-

347 2325 478 2354 licorum
502 2323 615 2361 primo.
652 2320 748 2360 (Cap.
775 2322 822 2350 12.
845 2322 878 2349 et
901 2319 968 2357 17.)
1000 2320 1049 2349 Ex

350 2373 566 2404 Gottlzicorum
582 2374 688 2401 autem
706 2380 759 2401 111.
782 2371 943 2410 integrum
965 2370 1050 2398 hunc

1118 1422 1224 1451 locum
1238 1430 1414 1460 apponam:
1439 1422 1484 1451 εἰς
1506 1420 1539 1450 δὲ
1554 1420 1631 1450 τοὺς
1645 1419 1826 1459 ἀγροίκους

1119 1470 1171 1500 ἔτι
1185 1472 1339 1509 τοσαύτῃ
1351 1471 1462 1509 φειδοῖ
1470 1471 1522 1500 καὶ
1532 1471 1673 1509 προνοίᾳ
1683 1471 1824 1509 ἐχρῆτο,

1119 1520 1208 1549 ὥστε
1221 1520 1400 1557 βιασθῆναι
1414 1521 1472 1555 μὲν
1488 1522 1598 1550 αὐτῶν
1619 1520 1732 1549 οὐδένα
1753 1519 1825 1548 πώ-

1118 1581 1217 1607 ποτε,
1241 1571 1518 1607 στρατηγοῦντος
1539 1570 1753 1608 Βελισαρίου,
1768 1581 1824 1598 τε-

1118 1621 1259 1659 τύχηκε·
1277 1620 1444 1649 πλουτεῖν
1460 1620 1491 1648 δὲ
1508 1619 1600 1657 παρά
1615 1619 1716 1657 δόξαν
1731 1618 1823 1657 ξυνέ-

1117 1671 1212 1707 βαινε
1233 1671 1350 1707 πᾶσιν,
1373 1670 1422 1698 οἶς
1449 1669 1489 1698 (ἲν
1518 1669 1619 1698 αὐτὸς
1647 1669 1822 1707 ἑπιδημοίη

1119 1722 1285 1757 στρατιᾶς
1300 1719 1434 1755 πλήθει.
1469 1720 1669 1749 ἀπεδίδοντο
1685 1718 1750 1757 ’γάρ
1767 1721 1822 1749 αὐ-

1118 1774 1191 1798 τοῖς
1207 1769 1297 1798 κατά
1314 1770 1448 1808 ’γνώμην
1462 1769 1507 1798 τά
1524 1769 1603 1798 ὤνια
1618 1768 1745 1798 πάντα.
1768 1769 1822 1800 καὶ

1117 1818 1210 1853 ἡνίκα
1227 1819 1285 1856 μὲν
1297 1818 1435 1856 ἀκμάζοι
1451 1818 1495 1847 ‘ni
1511 1818 1590 1854 λη”ιά
1613 1819 1644 1848 ἐς
1665 1819 1707 1848 τὸ
1728 1818 1823 1856 α’κρι-

1117 1869 1173 1905 βὲς
1200 1869 1423 1907 διεφύλαττε,
1458 1867 1579 1907 μήτινα
1613 1870 1769 1905 παροῦσα
1802 1868 1821 1904 ἦ

1116 1919 1220 1948 ἵππος
1245 1919 1447 1956 λυμήνηται·
1482 1919 1550 1947 τῶν
1571 1918 1602 1947 δὲ
1631 1918 1760 1957 ὠραίων
1787 1919 1822 1948 ἐν

1116 1971 1190 1997 τοῖς
1222 1968 1363 2006 δένδροις
1391 1968 1498 1998 ὄντων
1526 1967 1682 2006 ἅψασθαι
1712 1969 1821 1997 αὐτῶν

1116 2019 1219 2048 οὐδενὶ
1248 2020 1290 2048 τὸ
1315 2018 1478 2057 παράπαν
1506 2019 1641 2057 ἐξουσία
1669 2018 1819 2057 ἐγίνετο·

1116 2069 1266 2098 adversus
1281 2069 1444 2108 agricolas
1458 2072 1547 2098 tanta
1562 2078 1640 2098 cura
1648 2068 1820 2107 providen-

1115 2120 1224 2157 tiaque
1239 2120 1362 2158 affebat,
1372 2123 1405 2148 ut
1419 2129 1524 2148 eorum
1543 2129 1628 2148 nemo
1647 2119 1709 2148 vim
1725 2122 1819 2157 pate-

1114 2173 1210 2206 retur,
1225 2171 1392 2199 etz-ercitum
1406 2170 1533 2199 ducente
1543 2169 1704 2199 Belisario
1719 2180 1728 2198 .·
1747 2178 1820 2199 con-

1114 2222 1167 2249 tra
1181 2230 1254 2250 vero
1276 2220 1412 2258 opulenti
1423 2221 1540 2257 fierent
1561 2228 1662 2248 omnes
1683 2228 1820 2257 quocun-

1114 2279 1172 2308 que
1199 2270 1253 2299 ille
1280 2279 1347 2299 cum
1378 2270 1474 2298 multo
1502 2269 1600 2298 milite
1627 2269 1820 2299 advenisset:

1113 2321 1283 2350 vendebant
1309 2320 1389 2349 enim
1413 2320 1464 2349 illi
1489 2319 1641 2348 militibus
1667 2327 1718 2348 res
1743 2329 1820 2349 suas

1113 2373 1219 2408 suopte
1240 2369 1418 2398 arbitratu.-
1440 2372 1469 2398 et
1490 2378 1557 2398 cum
1577 2371 1710 2397 maturae
1722 2372 1820 2399 essent

345 2540 541 2588 confusion,
565 2550 611 2572 no
637 2538 805 2583 plunder,
832 2548 873 2571 as
899 2549 972 2582 you
1001 2538 1111 2583 miqht
1141 2543 1257 2583 eccpcct
1276 2537 1386 2581 from
1412 2536 1637 2571 barbarians.
1691 2536 1739 2583 If
1764 2536 1818 2571 tlze

345 2597 477 2643 supply
497 2597 542 2643 of
550 2595 751 2641 provisions
771 2606 845 2628 was
865 2600 904 2628 at
923 2606 997 2639 any
1023 2595 1105 2629 time
1128 2606 1225 2630 more
1245 2595 1402 2640 diffie-ult,
1428 2594 1505 2638 they
1530 2594 1609 2628 bore
1629 2593 1683 2627 the
1703 2592 1817 2639 defici-

346 2667 430 2699 cncy
447 2653 530 2687 with
546 2652 716 2697 patience,
734 2651 810 2685 and
825 2652 928 2685 made
945 2663 994 2696 up
1005 2652 1075 2698 sor
1091 2653 1144 2686 tlte
1160 2652 1313 2696 scarcity
1331 2652 1374 2696 by
1389 2662 1494 2695 spare
1511 2650 1590 2684 diet.
1635 2649 1818 2684 Claudian

347 2710 507 2745 ascribes
529 2709 593 2743 the
614 2719 715 2742 same
732 2708 844 2742 merit
865 2712 904 2743 to
928 2708 1069 2748 stilico,
1090 2708 1164 2742 and
1183 2708 1317 2742 Suidas
1338 2712 1378 2742 to
1399 2707 1613 2741 Belisarius.

420 2771 440 2801 3
472 2766 561 2800 This
579 2776 651 2799 was
668 2764 833 2810 brought
849 2765 965 2800 about
982 2765 1032 2810 by
1051 2776 1099 2799 an
1116 2769 1222 2800 exact
1240 2776 1324 2799 care
1341 2765 1380 2798 in
1396 2764 1461 2798 the
1481 2763 1616 2809 supply
1633 2762 1677 2797 of
1689 2773 1816 2797 neces-

346 2824 472 2863 saries,
498 2822 678 2868 punctual
706 2833 790 2867 pay,
821 2822 895 2856 and
919 2822 1091 2867 vigorous
1116 2821 1321 2867 discipline,
1347 2821 1391 2855 of
1411 2819 1531 2854 which
1551 2830 1626 2865 you
1651 2818 1729 2853 find
1750 2818 1816 2852 the

346 2879 427 2912 rule
448 2879 486 2912 in
508 2878 744 2912 Ammianus:
776 2879 845 2913 The
863 2880 968 2913 lands
988 2880 1034 2926 os
1050 2879 1211 2913 nenti-als
1227 2889 1291 2913 are
1310 2884 1371 2912 not
1396 2883 1429 2912 to
1451 2878 1487 2911 be
1508 2876 1709 2921 trampled:
1739 2873 1816 2908 and

345 2934 385 2968 in
405 2934 602 2978 Vopiscus:
630 2935 695 2969 Let
716 2946 761 2970 no
778 2947 840 2970 one
866 2936 944 2970 take
965 2948 988 2970 a
1003 2936 1101 2981 fowl
1121 2936 1232 2970 which
1254 2936 1282 2970 is
1298 2941 1359 2970 not
1385 2935 1448 2974 his,
1469 2945 1511 2968 or
1530 2932 1631 2968 touch
1647 2943 1671 2965 a
1691 2931 1789 2975 sheep
1799 2942 1814 2969 ;
