1971 3326
191 295 200 317 l
215 295 286 318 Sam.
298 301 364 319 xxx.

189 325 227 348 26.

188 369 226 417 ΞΕ..
239 364 279 387 De
290 364 381 394 Renes.

189 552 228 575 De
238 552 318 582 diris,
329 559 355 583 p.

187 583 234 607 930
245 588 272 606 Α.

187 1078 315 1108 Xenoph.
329 1078 376 1102 vii.

185 1110 217 1133 de
230 1110 296 1133 lust.
310 1109 385 1139 Cyri,

183 1146 206 1164 c.
221 1141 243 1163 5.
260 1139 272 1170 ξ
285 1140 324 1164 26.

185 1344 224 1367 De
238 1344 294 1373 Lep.
310 1343 327 1368 i.

183 1381 209 1404 p.
221 1375 268 1398 626
281 1381 305 1398 Β.

183 1405 258 1428 Tom.
272 1411 304 1428 11.

183 1473 296 1502 Sophist.
309 1480 335 1503 p.

181 1504 235 1531 219,
248 1504 301 1527 222.

180 1534 256 1557 Tom.
269 1540 287 1558 1.

179 1678 276 1701 Comm.
291 1678 346 1702 Soc.

178 1708 213 1733 iv.
227 1709 263 1731 11.
281 1708 293 1738 §
308 1709 344 1732 15.
356 1735 362 1746 ι

176 1876 193 1901 i.
209 1877 285 1901 Polit.
299 1883 320 1900 c.
333 1876 355 1900 6.

409 164 490 204 108
632 169 701 204 DE
731 170 860 204 JURE
893 168 1214 210 ACQUIRENDI
1243 169 1407 205 BELLO
1441 169 1614 205 OAPTA.
1681 168 1777 216 [Lm.
1797 170 1869 205 111.

406 279 585 335 pretium
616 280 720 322 dixit
750 279 933 320 muneri:
969 294 1058 320 cccc
1086 280 1242 319 domam
1277 281 1353 321 hoc
1381 288 1466 322 esto
1495 282 1612 322 vobis
1641 283 1692 322 dc
1714 282 1870 335 praeda

406 348 591 388 hostium
615 347 806 388 Domini.
864 344 1082 392 Nimirum,
1108 350 1153 385 ut
1186 344 1342 385 Seneca
1365 344 1482 393 dixit,
1507 346 1752 388 militaribus
1773 346 1870 388 viris

406 411 741 468 speciosissimum
780 415 842 453 est
879 409 1046 451 divitem
1086 408 1262 464 aliquem
1298 409 1435 464 spoliis
1469 410 1683 452 hostilibus
1718 412 1866 454 faeere.

405 478 585 519 Exstant
614 482 656 519 et
679 476 827 518 divinae
863 475 975 532 leges
999 475 1050 516 de
1074 475 1218 530 praeda
1250 474 1470 517 dividenda
1504 476 1629 518 Num.
1653 477 1770 519 xxxi.
1797 477 1868 522 27.

406 543 465 585 Et
489 542 608 584 Philo
643 541 750 584 inter
774 541 884 583 diras
914 540 1015 597 legis
1039 555 1127 582 esse
1151 539 1209 582 ait
1243 545 1288 582 ut
1311 555 1413 597 ager
1435 542 1488 582 ab
1520 541 1703 583 hostibus
1734 543 1868 584 deme-

405 614 531 657 tatur,
559 608 668 649 unde
689 607 803 662 sequi
827 604 954 657 λιμὸν
975 604 1051 658 μὲν
1075 606 1236 666 φίλοις,
1261 603 1434 667 ἐχθροῖς
1459 602 1504 652 δὲ
1531 609 1792 668 περιουσίαν,
1819 611 1868 651 in

404 690 502 717 suos
512 675 692 730 famem,
718 675 888 729 copiam
911 674 1111 715 hostibus.

505 741 561 782 ΙΙ.
619 741 643 781 1
694 739 886 782 Ceterum
912 739 1008 794 jure
1029 739 1212 796 gentium
1236 754 1319 782 non
1350 745 1510 782 tantum
1534 740 1567 782 is
1592 740 1661 796 qui
1685 755 1737 782 ex
1753 741 1867 797 justa

404 822 526 850 causa
553 806 703 849 bellum
732 806 852 862 gerit,
882 805 955 847 sed
985 812 1028 847 et
1057 805 1189 860 quivis
1219 805 1261 847 in
1292 806 1398 848 bello
1429 807 1583 848 solenni
1608 813 1649 849 et
1672 806 1759 849 sine
1786 807 1867 849 fine

403 874 605 929 modoque
629 872 815 914 dominus
837 872 884 914 fit
901 886 1040 913 eorum
1065 886 1158 927 quae
1181 871 1289 914 hosti
1308 872 1439 928 eripit,
1464 888 1511 914 eo
1532 888 1651 914 sensu
1676 873 1865 914 nimirum

404 946 450 982 ut
470 955 495 981 a
518 938 710 997 gentibus
734 938 919 980 omnibus
940 943 982 979 et
1016 937 1102 993 ipse
1126 944 1168 979 et
1191 937 1261 993 qui
1290 938 1343 979 ab
1367 953 1415 979 eo
1446 938 1609 980 titulum
1631 939 1798 988 habent,
1823 938 1866 980 in

403 1005 656 1062 possessione
689 1019 827 1047 rerum
860 1004 1003 1046 talium
1035 1003 1176 1045 tuendi
1209 1003 1317 1046 sint:
1342 1004 1452 1059 quod
1480 1004 1700 1046 dominium
1729 1005 1865 1060 quoad

404 1073 571 1114 effectus
594 1076 786 1113 externos
808 1070 903 1112 licet
932 1069 1153 1125 appellare.
1226 1070 1362 1125 Cyrus
1388 1070 1498 1125 apud
1521 1071 1863 1127 Xenophontem:

405 1137 527 1189 νόμος
564 1134 611 1180 ἐν
647 1139 777 1181 πᾶσιν
805 1133 1043 1193 ἀνθρώποις
1080 1130 1206 1182 didi&
1241 1132 1376 1184 ἐστιν,
1415 1134 1523 1180 ὅταν
1558 1135 1864 1188 πολεμούντων

404 1201 532 1249 πόλις
563 1203 668 1260 ἁλῷ,
698 1205 785 1246 τῶν
818 1199 1009 1245 ἑλόντων
1040 1203 1145 1244 εἶναι
1178 1198 1237 1244 τά
1271 1200 1494 1262 χρήματα·
1532 1203 1597 1245 lex
1627 1211 1686 1245 est
1711 1205 1864 1258 sempi-

403 1280 526 1313 terna
549 1271 661 1312 inter
681 1271 881 1316 homine&
907 1276 1039 1323 capta
1056 1269 1245 1310 hostium
1267 1270 1378 1317 urbe,
1405 1270 1628 1311 eorundem
1651 1284 1718 1311 res
1736 1277 1863 1324 atque

393 1338 606 1394 pecunias
629 1337 783 1378 victori
806 1336 958 1376 cedere.
1016 1334 1135 1376 Plato
1160 1334 1289 1377 dixit:
1326 1332 1475 1377 πάντα
1511 1336 1597 1377 τῶν
1632 1332 1863 1385 νικωμένων

400 1400 554 1461 οἶὙαθὰ
589 1403 676 1445 τῶν
711 1399 919 1445 νικώντων
954 1400 1210 1458 ’γὶὙνεο-Θαι,
1250 1402 1357 1442 bona
1398 1416 1492 1456 quae
1531 1403 1670 1443 victus
1709 1402 1863 1443 habuit

399 1471 546 1511 omnia
568 1470 744 1510 victoris
770 1469 872 1522 fieri
887 1483 900 1508 :
936 1466 1005 1522 qui
1029 1472 1070 1508 et
1096 1466 1192 1507 alibi
1225 1466 1332 1508 inter
1357 1481 1511 1524 genera
1535 1467 1651 1522 quasi
1685 1466 1863 1509 naturali

398 1533 670 1591 acquisitionis
694 1533 837 1576 statuit
856 1529 1101 1585 πολεμικήν,
1121 1546 1243 1587 quam
1262 1538 1304 1574 et
1327 1531 1549 1596 λῃστικὴν,
1566 1530 1863 1591 ἁγωνιστικῆν

398 1607 440 1643 et
455 1598 711 1661 χειρωτικήν
729 1606 857 1643 vocat.
906 1599 1213 1641 Assentientem
1232 1599 1309 1640 hac
1327 1598 1368 1639 in
1387 1614 1433 1640 re
1455 1599 1610 1640 habens
1628 1614 1719 1640 eum
1739 1614 1860 1655 quem

397 1668 481 1709 dixi
505 1668 834 1723 Xenophontem,
859 1665 969 1721 apud
993 1679 1114 1720 quem
1139 1664 1447 1721 Euthydemum
1473 1665 1662 1707 Socrates
1685 1665 1860 1707 interro-

395 1734 533 1790 gando
565 1749 611 1775 eo
644 1732 843 1789 perducit,
876 1737 922 1773 ut
953 1731 1128 1787 spoliare
1153 1745 1235 1772 non
1258 1745 1420 1787 semper
1443 1730 1636 1787 injustum
1663 1731 1857 1781 fateatur,

394 1806 441 1842 ut
464 1800 498 1841 si
521 1800 562 1841 in
585 1800 744 1841 hostem
767 1799 809 1840 id
832 1798 915 1840 fiat.

495 1868 520 1906 2
567 1866 649 1907 Sed
685 1864 913 1906 Aristotele
948 1878 1109 1919 quoque
1143 1869 1310 1905 auctore
1332 1861 1354 1906 ὁ
1381 1860 1506 1913 νόμος
1541 1861 1756 1921 ὁμολογία
1791 1883 1856 1910 τις

392 1929 530 1981 ἐστὶν,
561 1929 606 1974 ἐν
641 1927 674 1988 ᾧ
702 1929 760 1973 τοὶ
791 1928 904 1973 κατοὶ
931 1930 1124 1979 πόλεμον
1158 1926 1432 1989 κρατούμενα
1462 1930 1550 1972 τῶν
1581 1926 1856 1989 κρατούντων

469 2051 483 2066 e
503 2045 599 2084 Apud
620 2045 828 2074 Plutarchum
851 2044 882 2072 in
905 2043 971 2072 vita
992 2043 1088 2072 Alar-
1211 2043 1222 2063 f
1239 2043 1397 2072 Ademisse
1407 2045 1494 2073 seuit
1503 2044 1671 2082 bellijztre]
1694 2044 1855 2074 Diodorus

391 2095 499 2133 cmdri]
528 2095 650 2124 Ibidem
673 2095 827 2122 νικῶντας
852 2092 1087 2129 προσκτᾶσθαι
1153 2093 1277 2122 Siculus
1292 2094 1462 2131 Excerptis
1476 2092 1689 2124 Peircscianis
1703 2104 1776 2133 pag.
1787 2095 1854 2125 406.

391 2145 442 2174 καὶ
464 2144 510 2173 τά
532 2144 600 2173 τῶν
620 2142 801 2179 πολεμίων·
822 2142 974 2170 vincentes
995 2142 1088 2170 etiam
1152 2143 1195 2173 τά
1220 2143 1274 2172 διά
1296 2145 1364 2172 τῶν
1387 2144 1503 2173 ὅπλων
1527 2144 1692 2179 κτηθέντα
1719 2145 1770 2183 τῷ
1792 2146 1854 2174 τοῦ

390 2204 427 2223 εα
436 2205 505 2233 quoe
519 2194 649 2223 hostium
658 2195 728 2222 sunt
737 2192 798 2221 sibi
806 2191 978 2229 acquirere.
995 2191 1086 2229 (Pag.
1151 2192 1299 2230 πολέμου
1315 2192 1414 2231 νόμῳ,
1430 2195 1474 2231 μή
1488 2194 1659 2231 προέσθαι·
1675 2204 1739 2232 qua:
1754 2194 1853 2222 armis

390 2246 449 2275 684
462 2245 507 2282 A.)
1151 2243 1281 2280 qna-sita
1293 2246 1388 2272 essent
1400 2246 1428 2272 et
1437 2246 1537 2281 parta
1553 2243 1715 2280 bellijwv,
1726 2253 1788 2272 non
1802 2244 1853 2272 di-

389 2426 437 2448 an
455 2425 597 2460 enemy.
650 2413 771 2448 Thero
792 2424 855 2447 are
872 2412 949 2446 also
967 2411 1088 2445 divine
1104 2410 1191 2444 laws
1212 2409 1436 2454 concerning
1463 2407 1527 2442 the
1555 2407 1710 2442 division
1731 2406 1774 2442 of
1787 2406 1851 2442 the

389 2472 494 2516 spoil,
514 2472 628 2506 Num.
651 2471 746 2505 xxxi.
766 2472 821 2505 27.
885 2469 969 2503 And
986 2467 1095 2501 Philo
1123 2478 1204 2512 says
1222 2466 1304 2500 that
1321 2467 1350 2500 it
1370 2466 1400 2500 is
1420 2475 1556 2510 among
1573 2464 1637 2499 the
1661 2475 1785 2498 curses
1812 2464 1855 2498 of

389 2528 453 2562 the
485 2529 564 2569 law,
591 2528 673 2562 that
701 2527 765 2561 the
792 2526 879 2561 land
901 2526 948 2560 be
969 2524 1177 2571 plundered
1198 2524 1246 2569 by
1263 2523 1327 2558 the
1353 2534 1499 2568 enemy,
1520 2521 1673 2556 whence
1693 2524 1792 2555 want
1811 2524 1851 2556 to

388 2584 530 2620 friends
551 2585 625 2619 and
645 2584 864 2618 abundance
885 2586 924 2617 to
945 2582 1119 2617 enemies.

459 2642 507 2676 II.
560 2646 577 2676 1
610 2642 684 2676 But
713 2641 763 2687 by
787 2641 851 2675 the
880 2640 983 2674 Laws
1018 2638 1060 2672 of
1083 2638 1253 2678 Nations,
1285 2640 1352 2671 not
1382 2635 1469 2681 only
1494 2635 1543 2670 he
1574 2634 1653 2669 who
1684 2632 1745 2668 for
1770 2634 1850 2678 just

388 2709 498 2734 cause
520 2699 655 2733 carries
677 2709 725 2733 on
746 2709 768 2732 a
787 2709 872 2738 war,
899 2697 968 2731 but
988 2706 1061 2741 any
1085 2706 1166 2736 one,
1192 2695 1229 2728 in
1255 2705 1277 2728 a
1301 2693 1449 2738 regular
1476 2703 1561 2733 war,
1585 2702 1671 2736 may
1693 2689 1850 2724 without

387 2755 483 2790 limit
504 2767 547 2790 or
566 2766 735 2790 measure
755 2755 841 2789 take
862 2754 935 2788 and
966 2752 1204 2798 appropriate
1236 2751 1334 2784 what
1361 2749 1515 2794 belongs
1544 2753 1582 2782 to
1611 2747 1675 2781 the
1705 2757 1849 2792 enemy,

388 2815 427 2845 to
447 2811 520 2846 this
551 2812 671 2853 effect,
702 2812 784 2847 that
804 2811 895 2846 both
923 2810 970 2845 he
991 2809 1064 2844 and
1097 2808 1204 2843 those
1226 2807 1307 2842 who
1329 2806 1453 2841 derive
1485 2804 1584 2839 their
1605 2803 1687 2837 title
1715 2806 1754 2837 to
1783 2802 1849 2838 the

387 2872 565 2913 property
588 2869 685 2904 from
715 2869 793 2902 him
820 2879 883 2903 are
917 2871 956 2902 to
989 2867 1037 2901 be
1067 2865 1254 2900 defended
1283 2865 1322 2898 in
1354 2862 1560 2909 possession
1588 2859 1746 2895 thei-eof.
1796 2860 1847 2895 So

386 2923 601 2970 Xenophon
621 2925 694 2960 and
725 2926 834 2960 Plato
864 2936 928 2970 say
948 2923 1030 2958 that
1055 2923 1094 2957 in
1114 2933 1189 2957 war
1221 2921 1270 2955 all
1295 2920 1359 2955 the
1390 2921 1568 2964 property
1599 2917 1642 2952 of
1664 2916 1729 2952 the
1759 2927 1847 2952 con-
