1971 3326
113 160 203 196 CAr.
223 157 309 202 XL]

417 158 812 193 INTERFICIENDI
842 159 899 194 IN
929 158 1095 194 BELLO
1126 158 1299 194 JUSTO.

1498 154 1582 195 207

112 281 206 325 que.
254 267 387 324 Culpa
410 267 547 310 media
569 273 615 311 ut
634 267 887 311 restitutioni
909 267 1085 311 obnoxia
1107 274 1181 318 est,
1207 268 1266 310 ita
1289 283 1451 324 poenam
1475 283 1586 324 saepe

112 349 196 376 non
217 339 413 384 meretur,
439 334 671 390 pracsertim
695 334 924 391 capitalem.
978 335 1047 377 Ad
1074 335 1151 378 hoc
1172 334 1272 377 illud
1296 334 1478 391 pertinet
1501 336 1586 379 Va-

112 400 203 443 lerii
226 400 365 442 Flacci
389 400 498 455 (Lib.
524 400 578 442 iii.
604 415 711 444 vers.
737 403 838 451 391,
865 407 908 444 et
931 403 1089 458 seqq.):

285 480 336 515 At
357 481 490 526 quibus
510 480 626 516 invito
647 481 873 516 maduerunt
893 482 1072 527 sanguino
1093 482 1244 525 dextrae,

287 538 328 573 Si
348 549 426 573 sors
447 549 542 573 saeva
561 543 708 584 premat
728 539 892 580 miseros,
914 539 979 574 sed
1000 540 1168 585 proxima
1188 540 1318 585 culpae,

286 595 366 631 Hos
387 596 496 631 variis
517 606 621 630 mens
642 596 722 641 ipsa
742 596 862 631 modis
882 597 971 642 agit,
991 601 1030 632 et
1049 608 1116 632 sua
1136 601 1295 643 carpunt

286 653 403 688 Facta
422 653 518 687 viros
538 653 688 688 resides.

213 719 266 761 V.
331 717 454 768 Quod
474 722 613 759 monet
637 716 889 759 Themistius
911 717 1277 776 mdistinguendos,
1304 719 1375 775 qui
1397 725 1587 764 auctores

112 783 211 826 belli
233 784 413 833 fuerunt,
437 783 489 826 ab
514 782 589 832 his,
613 783 683 838 qui
706 783 807 824 alios
825 783 1023 826 ducentes
1046 785 1174 827 secuti
1193 790 1301 834 sunt,
1325 785 1413 842 ejus
1434 787 1586 843 passim

114 850 303 907 exempla
325 849 368 892 in
388 849 570 892 historiis
590 854 768 891 exstant.
806 850 966 892 Narrat
990 851 1231 893 Herodotus
1254 851 1422 894 Graecos
1445 867 1586 908 poenas
1604 857 1776 912 fflffiww

113 917 304 958 sumsisse
337 916 389 958 de
421 915 497 965 his,
532 915 603 971 qui
635 915 844 958 Thebanis
877 916 933 959 ad
967 917 1115 959 Medos
1150 917 1366 960 deficiendi
1397 924 1586 961 auctores

111 982 290 1025 fuerant.
353 982 420 1024 Sic
444 982 597 1024 Ardeae
627 981 833 1038 principes
863 982 1073 1025 seditionis
1097 983 1229 1025 securi
1260 985 1457 1040 percussi,
1489 999 1587 1027 nar-

111 1053 233 1090 rante
268 1047 398 1090 Livio.
469 1048 628 1090 Eodem
659 1054 840 1097 auctore,
874 1049 1069 1091 Valerius
1104 1049 1311 1100 Laevinus,
1348 1053 1586 1108 Ayrigyento
1604 1062 1792 1118 'filss‘ssxffs'w

111 1123 252 1170 capto,
278 1116 355 1170 qui
377 1116 527 1169 capita
551 1129 696 1156 rerum
720 1123 846 1157 erant
868 1116 1006 1171 viryis
1033 1131 1161 1159 coecos
1183 1119 1325 1159 securi
1339 1120 1584 1173 percussit.-
1658 1111 1665 1119 ⁶
1747 1112 1753 1118 ’
1795 1111 1802 1117 ’

112 1189 268 1223 ceteros
285 1182 572 1236 praedamque
594 1182 802 1222 vendidit.
843 1180 962 1223 Idem
985 1181 1107 1225 alibi:
1144 1184 1292 1225 Atella
1319 1185 1586 1240 Calasz‘aque
1603 1192 1675 1217 Ibid-
1686 1199 1711 1218 ⁰·
1725 1192 1763 1217 16-

111 1248 160 1288 iu
181 1248 440 1290 deditionem
464 1255 649 1301 acceptoe
661 1262 677 1295 ‚·
712 1248 777 1288 ibi
800 1262 962 1302 quoque
985 1250 1033 1289 iu
1056 1263 1140 1302 eos,
1166 1251 1243 1305 qui
1267 1251 1418 1305 capita
1440 1266 1586 1293 rerum

111 1322 250 1363 eraut,
287 1314 655 1355 animadversmn.
724 1313 907 1355 Rursum
939 1313 1062 1356 alibi:
1098 1317 1304 1370 quoniam
1335 1317 1586 1371 defectionis
1603 1321 1786 1347 Lib-vifi·20·

111 1388 309 1422 auctores
331 1380 512 1421 meritas
526 1394 684 1434 paenas
707 1393 737 1420 a
764 1380 869 1421 Diis
899 1381 1220 1424 immortalibus
1248 1390 1288 1424 et
1311 1397 1341 1424 a
1364 1384 1484 1424 vobis
1508 1385 1585 1425 Ιια-

112 1447 208 1488 bent
227 1447 285 1487 P.
311 1446 355 1488 C.
381 1446 489 1501 quid
502 1445 650 1499 placet
675 1447 724 1487 de
747 1446 929 1487 innoxia
953 1448 1231 1490 multitudiue
1243 1450 1347 1502 fieri
1361 1448 1384 1489 ,ρ
1413 1452 1586 1492 tandem

109 1513 330 1567 2i9notum
363 1520 424 1554 est
452 1512 558 1560 illis,
589 1519 629 1553 et
662 1512 822 1553 civitas
853 1513 994 1560 elatem
1030 1512 1236 1563 nimirum,
1271 1519 1318 1556 ut
1347 1513 1456 1555 idem
1487 1516 1584 1558 alibi
1602 1518 1774 1575 {gb-xxviii·

110 1577 307 1633 loquitur,
348 1586 409 1626 ut,
439 1579 552 1619 uude
590 1585 690 1619 orta
728 1578 860 1632 culpa
897 1587 1014 1627 esset,
1051 1580 1116 1620 iba·
1142 1595 1279 1634 poena
1324 1582 1583 1625 consisteret.

111 1644 328 1686 Laudatur
350 1643 462 1699 apud
486 1642 729 1698 Euripidem
751 1642 945 1685 Eteoclus
968 1644 1162 1702 Argivus,
1188 1646 1285 1701 quia

343 1723 501 1768 Culpam
521 1722 669 1757 ferebat
689 1732 837 1768 semper
857 1723 922 1757 illo
937 1723 1066 1768 judice

342 1781 444 1814 Reus
465 1779 565 1824 ipse:
598 1789 674 1813 non
695 1779 785 1813 urbs
804 1780 936 1824 patria,
958 1791 1039 1825 quae
1059 1781 1197 1827 passim
1216 1782 1305 1817 mali

343 1837 515 1872 Rectoris
536 1846 624 1881 ergo
644 1836 804 1870 sustinet
825 1837 1061 1873 calumniam.

1605 1646 1727 1676 supplic.
1741 1653 1767 1670 v.

1603 1678 1658 1708 878,
1668 1678 1693 1702 ει
1702 1683 1773 1707 seqq.

109 1931 287 1969 principum
319 1930 506 1967 sapientiam
533 1939 594 1958 non
619 1930 722 1959 verbis
757 1933 814 1960 aut

111 1982 289 2020 doqmatum
298 1980 479 2018 coqnitione,
490 1979 545 2008 sed
556 1979 694 2008 moribus
703 1980 813 2018 yravz'-

111 2033 167 2061 bus
181 2034 209 2061 et
219 2031 285 2059 vita
300 2032 470 2067 temperata
484 2029 670 2058 ostendebat.
693 2029 777 2067 (Lib.
790 2038 812 2060 Ι.

109 2091 135 2112 c.
151 2083 180 2110 2.
206 2080 282 2110 ωδ.
311 2079 376 2108 Ed.
401 2077 547 2116 Boecler.)
594 2078 645 2107 De
669 2078 813 2107 Macrino

111 2130 316 2169 Xiphilinus:
343 2129 388 2158 τά
412 2140 452 2157 ’τε
475 2128 595 2166 νόμιμα
620 2128 684 2166 οὐχ
710 2129 814 2157 οὕτως

109 2182 252 2219 α’κριβῶς
277 2179 464 2215 ἠπίστατο,
493 2177 535 2207 ὠς
558 2179 689 2207 πιστῶς
715 2189 814 2215 μετε-

111 2230 292 2270 χειρίζετο·
314 2229 395 2267 leqes
418 2237 479 2256 non
500 2230 564 2256 tam
584 2229 677 2255 norat
697 2229 814 2263 exacte,

111 2290 205 2320 quam
207 2279 350 2318 fideliter
363 2277 581 2315 exequebatur.
624 2275 718 2313 (Pag.
727 2274 814 2313 342.)

110 2331 162 2360 De
177 2332 286 2359 nostro
302 2328 429 2362 saeculo,
448 2327 548 2362 Deus,
567 2325 616 2355 vel
631 2325 710 2355 tales
726 2325 814 2364 prin-

110 2380 209 2418 cipes.

170 2434 195 2450 m
221 2427 480 2466 Distinquendos,
503 2425 558 2464 qui
578 2428 721 2455 auctores
743 2424 817 2455 belli

112 2585 188 2633 ally
205 2585 343 2632 capital
359 2586 612 2632 punishment.

870 1931 1022 1969 fuerunt]
1046 1931 1129 1962 Vide
1145 1932 1285 1962 Gailium
1305 1933 1376 1964 Lib.
1390 1944 1429 1965 11.
1449 1937 1486 1966 de
1500 1937 1589 1967 Pace

880 1981 1029 2018 Publica,
1043 1991 1113 2020 cap.
1124 1982 1164 2012 ix.
1178 1991 1209 2012 n.
1222 1984 1271 2013 18.

941 2030 956 2048 2
975 2031 1054 2060 Haec
1070 2032 1229 2062 debebant
1248 2034 1311 2062 alio
1326 2035 1509 2066 charactere
1525 2038 1587 2073 edi,

883 2081 1026 2119 quamvis
1049 2082 1131 2111 etin
1156 2083 1259 2121 prima
1281 2084 1430 2115 Editione
1458 2087 1504 2115 ita
1529 2097 1585 2116 ex-

882 2133 985 2160 stent:
1002 2140 1105 2169 neque
1117 2131 1200 2160 enim
1215 2134 1312 2162 verba
1325 2138 1400 2164 sunt
1412 2136 1516 2173 Livu,
1532 2137 1587 2166 sed

882 2179 1034 2209 Auctoris
1048 2182 1161 2210 nostri.
1202 2182 1392 2221 Historieus‚
1407 2185 1439 2213 in
1453 2185 1516 2215 fine
1531 2187 1586 2215 de-

882 2238 970 2258 mum
989 2230 1112 2268 Capitis
1126 2231 1300 2270 sequentis,
1314 2238 1432 2271 narrat,
1453 2245 1492 2264 ω’
1509 2246 1586 2266 auc-

883 2280 1009 2309 toritate
1020 2280 1166 2318 Patrum,
1182 2282 1280 2311 latum
1291 2284 1336 2312 ad
1346 2285 1505 2322 Populum
1516 2298 1586 2325 esse,

882 2332 917 2358 ut
931 2329 1168 2360 Privernatibus
1187 2332 1301 2363 civitas
1320 2334 1462 2367 daretur.
1505 2338 1585 2379 Cap.

882 2379 934 2407 21.
948 2381 1094 2410 num.10.
1139 2380 1175 2411 J.
1188 2381 1231 2412 B.

665 2588 715 2623 So
731 2589 904 2625 Valerius
921 2591 1090 2627 Flaccus.

184 2643 230 2678 V.
294 2642 532 2685 Themistius,
552 2645 591 2678 in
614 2644 680 2679 the
704 2656 858 2691 passage
883 2647 1001 2682 above
1025 2647 1176 2693 quoted,
1196 2649 1336 2694 praises
1356 2650 1495 2686 Valens
1525 2652 1586 2688 for

111 2699 264 2746 making
280 2710 302 2734 a
315 2699 516 2735 difference
536 2701 705 2737 between
722 2702 787 2737 the
805 2703 957 2739 authors
986 2705 1029 2738 of
1048 2705 1114 2739 the
1130 2716 1216 2746 war,
1233 2706 1307 2740 and
1324 2706 1423 2742 their
1441 2709 1585 2744 follow-

111 2767 192 2792 ers:
220 2757 295 2791 and
314 2757 388 2791 this
406 2758 435 2792 is
454 2758 558 2792 often
576 2759 811 2804 exemplified
834 2760 873 2793 in
893 2760 1046 2806 history.
1089 2762 1139 2795 So
1162 2761 1227 2796 the
1249 2762 1404 2806 Greeks,
1424 2765 1463 2799 in
1481 2766 1583 2801 deal-

111 2813 176 2859 ing
194 2814 285 2848 with
304 2813 370 2849 the
391 2814 565 2849 Thebans
585 2815 646 2850 for
661 2815 808 2861 joining
834 2815 898 2851 the
915 2817 1057 2852 Medes.

1122 2818 1172 2852 So
1198 2818 1263 2854 the
1283 2820 1427 2856 leaders
1456 2822 1499 2857 of
1519 2823 1585 2859 the

111 2871 272 2906 sedition
293 2874 332 2906 at
344 2871 480 2917 ‚Ardea
501 2883 596 2907 were
618 2876 686 2918 put
711 2877 750 2907 to
773 2873 907 2908 death:
935 2885 976 2909 so
999 2878 1038 2909 at
1063 2874 1320 2921 Agrigentum,
1345 2878 1482 2921 Atella,
1508 2881 1585 2915 and

112 2927 277 2971 Calasia3
299 2929 374 2963 and
390 2929 602 2966 elsewhere.
648 2930 697 2964 So
714 2930 887 2965 Eteocles
908 2931 936 2964 is
957 2932 1106 2977 praised
1123 2932 1162 2966 in
1178 2934 1399 2980 Euripides3
1424 2937 1499 2972 and
1519 2938 1584 2973 the
