1971 3326
177 187 267 223 CAP.
289 185 394 230 V11.]
601 188 669 221 DE
700 188 830 222 JURE
862 188 919 222 IN
951 187 1213 223 CAPTIVOS.
1569 184 1650 223 155

279 296 306 335 3
340 293 403 334 -In
426 297 568 335 nostra
591 308 690 336 vero
715 294 940 350 quaestione
964 294 1075 336 nulla
1110 309 1233 336 causa
1263 294 1363 351 fingi
1394 300 1542 351 potest,
1579 311 1652 337 cur

178 364 325 417 gentes
349 358 462 400 aliud
492 360 768 414 spectaverint
792 375 916 415 quam
947 366 1167 402 externum
1192 360 1312 401 illud:
1347 375 1442 402 nam
1478 362 1651 403 facultas

179 424 416 466 vindicandi
451 439 631 474 servum,
669 431 711 467 et
742 426 928 482 cogendi,
954 426 1035 467 imo
1064 431 1106 467 et
1139 425 1355 475 vinciendi,
1390 432 1432 468 et
1463 442 1531 468 res
1563 427 1652 482 ejus

179 489 372 539 habendi,
397 490 623 532 sufficiebat
646 497 692 532 ut
715 492 844 546 captis
875 497 1062 547 captores
1090 491 1243 533 vellent
1277 506 1478 547 parcere:
1510 498 1583 534 aut
1618 492 1653 533 si

179 561 265 598 tam
285 555 364 596 feri
388 562 524 597 essent
544 562 591 598 ut
614 556 702 598 istis
725 557 971 598 utilitatibus
1002 571 1084 598 non
1119 563 1396 607 moverentur,
1430 564 1542 600 certe
1577 572 1653 599 nec

180 627 388 662 moturum
422 636 491 663 eos
522 622 659 663 fuerat
694 622 900 663 vinculum
935 622 1100 677 aliquod
1132 622 1277 663 animis
1308 623 1515 678 injectum,
1541 624 1653 678 quod

180 686 314 742 ipsum
338 692 476 728 tamen
500 687 533 727 si
557 686 720 727 omnino
745 687 820 727 sibi
850 687 1123 728 necessarium
1155 688 1385 738 crederent,
1423 684 1443 710 ¹¹
1456 694 1653 745 poterant

182 751 353 809 exigere
376 752 498 793 fidem
524 757 597 792 aut
614 751 915 806 jusjurandum.

283 819 311 857 4
352 817 499 871 Neque
520 831 618 858 vero
642 823 797 858 temere
821 816 862 856 in
886 816 992 873 lege,
1018 830 1111 871 quae
1134 831 1217 858 non
1241 831 1293 858 ex
1316 818 1511 873 aequitate
1535 824 1652 860 natu-

182 882 261 924 rali
291 882 363 924 sed
396 881 562 937 majoris
596 881 692 923 mali
716 882 872 924 vitandi
907 897 1029 924 causa
1060 882 1146 923 lata
1179 888 1254 931 est,
1285 897 1334 924 ea
1366 884 1565 925 sumenda
1591 890 1654 926 est

182 947 471 1004 interpretatio
507 962 598 1003 quae
636 953 804 1003 peccato
843 948 1062 989 obnoxium
1100 948 1225 989 faciat
1267 954 1404 989 actum
1444 949 1653 1004 ceteroqui

182 1014 351 1056 licitum.
422 1014 684 1055 Florentinus
715 1013 1050 1062 Jurisconsultus,
1084 1015 1199 1055 nihil
1225 1015 1412 1065 interest,
1448 1017 1653 1070 quomodo
1673 1026 1805 1081 Liiffcihq).
1818 1027 1856 1081 13⁰-

184 1082 383 1134 captivus
415 1095 607 1122 reversus
643 1085 732 1122 est:
767 1088 914 1121 utrum
948 1080 1165 1128 dimissus,
1209 1095 1269 1120 cm
1299 1082 1344 1121 vi
1377 1081 1443 1122 vel
1452 1082 1654 1134 fallacia
1670 1063 1762 1117 {ms
1806 1074 1812 1080 ⁴

174 1154 434 1201 potestatem
465 1146 651 1186 hostium
685 1146 880 1188 evaserit.
945 1144 1150 1186 Nimirum
1175 1145 1272 1200 quia
1294 1146 1371 1186 hoc
1389 1145 1459 1201 jus
1483 1145 1654 1201 captivi-

182 1211 282 1252 tatis
313 1211 372 1252 ita
397 1211 466 1266 jus
502 1216 576 1259 est,
615 1216 662 1251 ut
695 1211 776 1251 alio
809 1225 930 1251 sensu
961 1210 1204 1265 plerumque
1237 1216 1279 1252 et
1308 1211 1458 1266 injuria
1481 1211 1545 1261 sit,
1572 1226 1654 1267 quo

181 1276 346 1317 nomine
370 1282 413 1317 et
435 1291 462 1317 a
485 1275 613 1317 Paulo
630 1275 925 1330 jurisconsulto
949 1274 1239 1318 7n0minatur:
1269 1275 1350 1332 jus,
1376 1277 1512 1332 quoad
1536 1277 1655 1319 effec-
1673 1284 1864 1340 helidim&

180 1347 248 1383 tus
272 1342 491 1397 quosdam:
529 1341 691 1396 injuria,
717 1341 750 1382 si
774 1341 815 1382 id
838 1341 948 1396 quod
971 1341 1033 1382 rei
1057 1341 1322 1383 intrinsecum
1346 1348 1409 1384 est
1433 1348 1653 1399 spectetur.
1724 1333 1729 1339 ¹

182 1408 307 1449 Unde
331 1414 374 1449 et
397 1408 475 1448 hoc
494 1412 680 1463 apparet,
702 1406 736 1448 si
760 1406 850 1462 quis
874 1406 981 1448 bello
1006 1406 1157 1462 injusto
1177 1413 1320 1463 captus
1343 1407 1384 1449 in
1409 1414 1656 1464 potestatem

180 1472 359 1514 hostium
385 1473 558 1523 venerit,
584 1473 636 1514 ab
661 1487 710 1514 eo
741 1487 824 1513 non
851 1472 1092 1514 attaminari
1126 1472 1227 1514 furti
1259 1473 1427 1515 crimine
1462 1473 1656 1524 animum,

180 1588 337 1626 injustitia
350 1588 405 1617 illa
419 1588 610 1618 intrinseca:
632 1589 709 1617 alias
728 1597 787 1626 pro
799 1591 886 1617 certo
954 1597 1043 1618 ΒΙΑΜ
1066 1589 1106 1618 ab
1129 1590 1286 1618 extraneis
1309 1590 1512 1626 detinebatur,
1535 1591 1658 1628 signifi-

181 1647 301 1676 ponere
316 1639 486 1675 debuisset,
502 1639 607 1667 omnia
620 1639 704 1667 bella
724 1639 887 1667 Romano·
956 1642 1030 1668 cant
1049 1641 1174 1667 tantum
1192 1648 1252 1676 per
1271 1639 1341 1674 vim,
1361 1640 1425 1668 sive
1443 1640 1573 1677 justam,
1595 1640 1659 1669 sive

183 1697 253 1716 rum
272 1688 361 1725 justa
384 1689 490 1724 fuisse,
515 1698 613 1727 quum
637 1689 759 1717 nullum
781 1688 888 1724 fuerit,
954 1688 1118 1725 injustam,
1132 1689 1217 1726 quod
1239 1676 1363 1726 spe3ssat
1378 1689 1482 1727 ipsum
1503 1689 1658 1719 Hostem:

184 1738 217 1766 in
239 1747 302 1776 quo
327 1737 390 1767 Jus
413 1738 603 1767 Postliminii
622 1738 727 1767 locum
750 1747 812 1766 non
831 1738 887 1765 ha·
956 1741 989 1766 et
1005 1747 1042 1767 eo
1062 1747 1157 1766 sensu
1176 1738 1382 1776 sumiturper
1397 1739 1556 1775 injuriam,
1571 1739 1602 1767 in
1618 1739 1658 1768 L.

185 1788 287 1817 beret.
329 1788 391 1817 Sed
419 1788 451 1816 in
475 1788 511 1816 L.
539 1788 586 1817 19.
611 1787 652 1816 D.
681 1787 719 1816 de
743 1787 835 1824 Capt.
861 1789 890 1815 et
955 1789 984 1817 3.
1002 1788 1020 1825 ᾗ
1037 1789 1064 1816 2.
1082 1787 1126 1816 D.
1146 1787 1363 1825 AdLeq.Jul.
1380 1788 1416 1817 de
1426 1789 1608 1827 viprivata,
1623 1791 1659 1817 ut

188 1839 335 1868 Postlim.
361 1839 457 1867 verba
480 1838 545 1874 ina,
567 1841 601 1866 ut
622 1838 677 1875 qui
699 1845 770 1866 PER
793 1846 888 1866 1NJU=
956 1837 1141 1865 adtendenti
1156 1837 1289 1874 patebit.
1330 1838 1365 1867 J.
1382 1839 1425 1867 B.

190 2002 243 2036 his
264 2013 354 2036 own.
415 2002 491 2035 But
515 2002 611 2034 what
632 2002 684 2035 the
696 2002 807 2047 jadye
832 2002 964 2035 decides
993 2001 1172 2046 siizcerely,
1197 2012 1277 2035 even
1300 2001 1342 2045 if
1357 2013 1492 2047 wrony,
1517 2001 1546 2036 is
1573 2002 1654 2036 law.

189 2059 279 2093 And
294 2059 371 2092 thus
388 2059 440 2092 the
456 2069 551 2092 same
568 2058 666 2103 chiny
681 2059 800 2092 would
820 2059 856 2092 be
873 2059 968 2103 rigyht
985 2059 1061 2092 and
1076 2064 1136 2092 not
1153 2059 1260 2103 rigyht.

268 2119 289 2149 3
326 2116 401 2148 But
418 2115 455 2147 in
477 2125 545 2148 our
565 2115 746 2159 question,
772 2112 953 2159 [whether
969 2126 991 2148 a
1012 2115 1157 2160 captive
1178 2126 1264 2160 may
1284 2110 1442 2159 escape]
1474 2125 1522 2148 no
1548 2126 1657 2149 cause

191 2183 261 2207 can
292 2171 340 2205 be
365 2171 515 2205 devised
539 2171 622 2216 why
645 2172 792 2205 nations
819 2171 953 2205 should
981 2171 1075 2206 have
1102 2172 1271 2216 imposed
1299 2182 1371 2216 any
1387 2171 1489 2205 bond
1509 2171 1659 2216 beyond

190 2228 256 2263 the
289 2228 455 2262 external
488 2239 570 2261 one.
630 2228 705 2261 For
737 2227 802 2274 the
830 2228 931 2272 right
963 2228 1006 2262 of
1028 2228 1202 2273 claiming
1227 2240 1248 2262 a
1278 2228 1389 2268 slave,
1420 2227 1463 2261 of
1486 2228 1659 2273 coercing

190 2284 281 2325 him,
298 2296 392 2319 even
409 2285 451 2319 of
469 2285 618 2329 putting
641 2283 719 2317 him
736 2284 775 2317 in
796 2284 934 2326 chains,
951 2285 1024 2318 and
1047 2285 1089 2319 of
1106 2285 1267 2330 keeping
1297 2284 1354 2319 his
1376 2288 1564 2330 property,
1585 2296 1658 2319 was

191 2342 374 2376 sufficient
402 2345 442 2375 to
475 2341 610 2375 induce
632 2345 778 2386 captors
809 2344 849 2375 to
878 2352 985 2386 spare
1006 2341 1104 2376 their
1125 2342 1287 2387 captives
1305 2354 1315 2383 3
1346 2352 1388 2375 or
1404 2341 1437 2374 if
1453 2340 1543 2386 they
1563 2352 1659 2375 were

191 2409 232 2433 so
253 2409 385 2443 savage
403 2409 442 2432 as
470 2402 537 2431 not
558 2402 596 2431 to
617 2397 664 2431 be
696 2397 829 2431 moved
849 2397 898 2442 by
919 2398 1024 2432 these
1052 2399 1291 2443 advantages,
1318 2397 1407 2443 they
1435 2398 1558 2432 would
1579 2409 1660 2432 cer-

191 2455 310 2500 tainly
341 2458 407 2488 not
435 2454 483 2488 be
510 2454 643 2488 moved
664 2454 713 2499 by
741 2453 824 2487 that
850 2455 991 2488 mental
1021 2455 1145 2495 bond;
1171 2455 1245 2489 and
1274 2466 1366 2489 even
1398 2454 1483 2495 this,
1516 2455 1549 2488 if
1570 2454 1660 2500 they

187 2511 331 2556 judged
350 2511 380 2544 it
400 2521 604 2556 necessary,
622 2510 711 2554 they
729 2509 847 2554 might
863 2510 1024 2545 demand
1042 2523 1080 2545 as
1097 2523 1119 2545 a
1139 2512 1301 2557 promise
1319 2523 1361 2545 or
1381 2511 1482 2545 oath.

271 2571 293 2599 4
333 2567 415 2600 Nor
451 2577 514 2600 are
543 2577 595 2600 we
623 2566 767 2611 lightly,
799 2566 838 2599 in
867 2578 889 2600 a
913 2567 983 2601 law
1001 2567 1120 2602 which
1148 2569 1179 2602 is
1205 2567 1442 2608 established,
1463 2571 1529 2602 not
1557 2578 1660 2612 upon

193 2622 342 2656 natural
359 2623 496 2667 equity,
513 2623 582 2656 but
598 2623 658 2656 for
682 2622 746 2656 the
773 2623 860 2657 sake
882 2623 925 2657 of
941 2624 1114 2668 avoiding
1134 2636 1156 2658 a
1175 2630 1323 2669 greater
1350 2624 1432 2663 evil,
1454 2628 1492 2657 to
1514 2634 1660 2657 assume

194 2691 243 2713 an
262 2679 547 2724 interpretation
570 2678 689 2712 which
711 2679 831 2712 would
852 2680 960 2713 make
981 2680 1159 2714 unlawful
1183 2692 1231 2714 an
1257 2684 1317 2714 act
1347 2679 1541 2713 otherwise
1572 2679 1660 2712 laiv-

194 2736 261 2770 ful.
326 2736 375 2769 So
403 2735 468 2769 the
494 2735 709 2769 Florentine
738 2735 879 2776 Jurist3
912 2737 948 2769 It
982 2737 1099 2770 makes
1131 2749 1177 2770 oio
1208 2737 1388 2781 differeme
1420 2736 1496 2768 how
1524 2747 1548 2768 α
1574 2747 1660 2780 cap-

196 2793 261 2827 tive
281 2798 434 2832 returns,
451 2792 599 2825 whether
620 2792 658 2825 he
675 2792 737 2825 has
759 2792 838 2825 been
857 2799 904 2826 set
924 2798 962 2825 at
983 2793 1105 2837 liberty
1123 2805 1164 2826 or
1187 2793 1330 2837 escaped
1347 2793 1390 2836 by
1410 2797 1470 2825 art
1490 2803 1532 2825 ον
1538 2793 1657 2835 force.

196 2849 271 2883 For
287 2849 325 2882 in
345 2849 432 2889 fact,
451 2848 524 2882 this
546 2847 645 2892 right
670 2848 713 2881 of
735 2848 911 2893 captivity
931 2849 960 2882 is
984 2859 1005 2881 a
1021 2848 1132 2893 right,
1150 2849 1189 2882 in
1214 2848 1305 2882 such
1330 2860 1352 2882 a
1378 2859 1484 2882 sense
1512 2847 1594 2882 that
1623 2848 1662 2881 in

197 2904 355 2940 another
383 2916 489 2940 sense
516 2905 546 2939 it
571 2905 601 2939 is
626 2905 834 2950 commonly
865 2916 887 2938 a
904 2915 1048 2950 wrong:
1093 2916 1132 2939 as
1169 2905 1199 2939 it
1230 2905 1260 2940 is
1297 2904 1415 2939 called
1443 2905 1493 2950 by
1522 2904 1662 2938 Paulus
