1971 3326
137 203 337 248 CARXI]
439 206 833 243 INTERFICIENDI
862 208 920 243 IN
950 209 1115 245 BELLO
1145 210 1318 247 JUSTO.
1528 206 1610 247 213

135 317 310 358 urbium
339 318 686 371 expuqnationes,
716 320 904 359 secunda
921 319 1100 373 proelia,
1130 327 1169 360 et
1200 320 1240 360 si
1264 320 1371 372 quid
1401 320 1529 361 aliucl
1563 322 1611 362 in

138 383 243 425 bello
258 397 529 437 prosperum,
558 385 874 438 scepesortunce
898 387 1039 439 massis
1065 400 1194 440 quant
1217 387 1375 427 virtuti
1394 387 1610 428 debentur.

135 450 195 490 At
215 449 262 490 in
293 463 455 491 summo
478 450 661 504 imperio
693 451 821 492 uictis
842 452 1190 493 misericordiam
1217 453 1447 507 impartiri
1478 453 1612 494 solius

128 516 377 570 prudentie&
413 529 519 570 opus
559 523 630 557 est.
707 515 837 570 Apud
886 516 1074 558 Curtium
1113 516 1313 574 legimus:
1360 519 1611 561 Alexander
1630 531 1689 556 Lib.
1706 532 1742 557 ix.
1759 533 1779 557 1-

135 595 389 636 quanquam
412 582 512 622 belli
542 582 796 624 auctoribus
808 583 910 636 jure
934 591 1110 637 poterat
1132 585 1283 634 irasci,
1311 592 1453 626 tamen
1476 587 1610 628 omni-

137 647 214 688 bus
237 648 365 688 venia
388 648 513 691 data.

235 713 356 756 VIII.
417 711 484 754 De
508 727 608 754 nece
626 718 764 754 autem
787 727 942 764 eorum,
966 713 1036 770 qui
1052 730 1148 757 casu
1171 731 1254 758 non
1273 716 1478 760 destinato
1503 718 1608 760 occi-

136 777 303 828 duntur,
336 778 571 827 tenendum,
603 778 713 834 quod
738 793 863 834 supra
895 780 1085 831 diximus,
1112 781 1146 822 si
1175 797 1257 823 non
1276 782 1460 837 justitiae,
1489 784 1608 826 mise-

135 844 323 887 ricordiae
350 850 489 886 tamen
513 859 601 886 esse
630 859 712 886 non
736 844 813 886 nisi
841 845 1002 902 magnis
1031 852 1073 888 et
1096 847 1150 888 ad
1179 848 1403 890 multorum
1433 850 1607 892 salutem

135 910 396 966 perventuris
419 910 550 953 causis
579 910 663 953 tale
686 910 784 966 quid
814 912 1003 968 aggredi,
1028 913 1138 955 unde
1169 913 1456 956 innocentibus
1477 915 1608 957 immi-

136 990 236 1018 nere
263 976 462 1032 pernicies
486 976 624 1032 possit.
690 977 810 1019 Idem
840 977 1049 1020 nobiscum
1080 980 1206 1021 sensit
1230 979 1441 1037 Polybius,
1468 981 1539 1037 qui
1561 982 1608 1023 li-

136 1042 212 1084 bro
237 1056 276 1084 V.
307 1043 363 1084 sic
391 1042 599 1098 loqulturz
635 1062 683 1085 ου
714 1062 811 1102 ’γαρ
843 1040 914 1087 ἐπ
939 1042 1139 1102 ammeca
1168 1041 1233 1089 δεῖ
1266 1066 1335 1089 και
1366 1044 1607 1107 αφαιισμῳ
1626 1064 1741 1094 Cap-11·

137 1108 231 1155 τοῖς
255 1127 488 1166 αΎνωμοσι
509 1110 716 1160 πολεμεῖν
741 1129 843 1157 τους
867 1107 1062 1168 α’·γαθοῦς
1086 1107 1254 1171 ανδρας,
1277 1109 1377 1156 αλλ’
1400 1111 1471 1157 ἐπι
1499 1108 1608 1175 διορ-

137 1172 268 1218 Θίυσέι
289 1194 357 1217 Καί
380 1172 616 1227 [ᾸΕΤαΘΕσΕι
650 1195 741 1218 ’Των
766 1173 1089 1237 ἡμαρΤημένων
1126 1173 1222 1221 ΟυδΕ
1254 1198 1522 1240 vaavalpetv
1547 1200 1607 1224 'TU-

136 1235 268 1293 μηδεν
286 1235 515 1285 caduceum-a
547 1259 642 1286 τοις
667 1237 921 1294 ἠδικηκόσιν,
954 1241 1073 1287 ἄλλα
1096 1241 1338 1305 σνσσωζειν
1369 1266 1439 1289 και
1459 1245 1608 1304 συνεξ-

137 1306 359 1365 αιρεῖσθαι
378 1327 470 1353 τοις
487 1304 690 1354 αναιτὶοις
711 1308 834 1361 (male
853 1308 990 1350 editur
1010 1308 1235 1364 ἐναντίοις)
1258 1330 1355 1357 τους
1375 1306 1606 1358 δοκουντας

134 1368 304 1416 ἀδικεῖν·
340 1375 542 1415 bonorum
574 1375 769 1415 virorum
799 1383 871 1423 est,
903 1377 1030 1417 etiam
1053 1391 1148 1417 eum
1177 1378 1319 1419 minus
1342 1380 1495 1433 probis
1522 1395 1607 1422 non

136 1440 445 1482 internecinum
471 1454 616 1494 yerere
647 1441 814 1488 bellum,
842 1442 917 1482 sed
943 1443 1162 1491 hactenus,
1196 1451 1244 1484 ut
1275 1445 1436 1486 delicta
1467 1447 1607 1487 sarci-

136 1513 271 1547 antur
291 1514 424 1561 atque
456 1507 756 1548 emendentur:
791 1521 923 1562 neque
955 1509 1141 1550 insontes
1171 1524 1265 1551 cum
1297 1512 1488 1553 sontibus
1517 1526 1608 1553 una

126 1586 262 1627 poena
284 1573 508 1620 inuoluere,
534 1573 608 1614 sed
629 1573 863 1614 insontium
889 1588 1025 1615 causa
1049 1576 1180 1616 etiam
1203 1576 1396 1618 sontibus
1408 1592 1606 1632 parcere.

227 1638 304 1678 IX.
361 1639 386 1679 1
434 1637 513 1679 His
548 1637 735 1694 cognitis,
773 1639 824 1680 de
862 1638 939 1688 his,
978 1653 1070 1695 quae
1105 1640 1237 1698 magis
1271 1642 1464 1697 specialia
1499 1649 1606 1692 sunt,

132 1716 215 1745 non
240 1703 410 1745 difficilis
437 1703 518 1746 erit
545 1703 738 1746 definitio.
803 1706 1019 1747 XPuerum
1054 1714 1161 1748 oetas
1192 1716 1370 1756 emcitset,
1387 1709 1607 1763 feminam

133 1784 272 1819 sexus,
309 1769 369 1811 ait
402 1770 559 1812 Seneca
589 1769 716 1819 libris,
751 1770 899 1825 quibus
930 1770 1004 1812 irae
1029 1770 1232 1815 irascitur.
1291 1774 1407 1815 Deus
1441 1774 1528 1830 ipse
1563 1774 1606 1816 in
1624 1787 1783 1814 mames..

130 1876 183 1905 Ita
208 1876 421 1906 Scholiastes:
442 1876 595 1905 Dolenter
621 1875 775 1904 declamat
802 1877 835 1905 in
902 1879 1012 1905 ναῖκες
1025 1876 1269 1914 μεθείσθωσαν·
1291 1878 1490 1908 dimittantur
1504 1883 1607 1908 autem

129 1926 280 1955 sti-vitiam
295 1926 439 1962 Achillis,
455 1925 521 1963 qni,
539 1925 568 1953 si
582 1933 643 1962 per
657 1924 834 1962 Apollinem
899 1924 1036 1962 virqines
1052 1928 1079 1953 et
1099 1926 1243 1955 mulieres
1254 1937 1263 1955 .·
1287 1936 1412 1956 causam
1427 1929 1543 1966 reddit,
1563 1929 1605 1958 τὸ

129 1976 232 2004 vivere
253 1975 398 2011 licuisset,
421 1975 498 2003 adeo
520 1983 619 2003 soevus
639 1977 718 2009 erat,
733 1977 766 2002 ut
779 1983 833 2003 nec
899 1973 1090 2010 προσθήκην
1104 1973 1229 2012 ἀνδρῶν
1243 1976 1396 2014 πόλεμον
1417 1989 1604 2008 κατασκευ-

130 2025 304 2063 infantz'bus
330 2034 383 2054 nec
407 2026 439 2053 in
461 2028 548 2053 utero
569 2023 761 2062 qestantibus
773 2033 832 2061 pe·
899 2022 1053 2052 ιτα-άντων
1066 2024 1237 2054 ποιεῖσθαι
1247 2027 1601 2066 γυναῖκας,(ἰνήμερον·

124 2076 288 2113 pereisset.
322 2075 414 2104 Philo
430 2074 467 2103 cle
484 2073 649 2111 Principis
675 2073 832 2103 Constitu-
897 2072 1047 2109 virorum,
1075 2074 1131 2111 qui
1153 2074 1235 2102 bella
1244 2075 1426 2115 fabricant,
1450 2079 1603 2107 accessio-

131 2122 222 2159 tione,
242 2124 334 2162 (pag.
355 2121 441 2160 734.)
462 2120 622 2159 παρθένοι
643 2120 676 2149 δὲ
697 2120 751 2149 καὶ
773 2131 832 2159 γυ-
897 2131 964 2151 nem
970 2122 1085 2160 faeere
1106 2123 1259 2161 mulieres,
1282 2125 1406 2157 immite.
1448 2127 1539 2157 Idem
1566 2128 1604 2157 cle

129 2284 263 2320 blood:
290 2284 365 2318 and
385 2284 458 2318 will
478 2295 592 2319 never
613 2285 730 2319 inflict
756 2285 880 2327 death,
911 2291 1043 2333 except
1064 2288 1185 2324 either
1209 2292 1248 2324 to
1279 2289 1388 2324 avoid
1413 2289 1538 2331 death,
1560 2301 1603 2325 or

130 2342 221 2377 evils
250 2342 325 2376 like
355 2341 480 2384 death,
511 2352 554 2377 or
579 2345 618 2376 to
644 2342 779 2388 punish
810 2343 942 2378 crimes
980 2345 1100 2380 which
1130 2357 1195 2381 are
1225 2347 1364 2392 capital
1393 2347 1432 2380 in
1463 2347 1598 2382 desert.

130 2398 216 2433 And
237 2410 330 2434 even
355 2402 394 2433 to
416 2410 519 2434 some
547 2398 629 2433 who
650 2399 745 2433 have
775 2399 950 2435 deserved
978 2401 1072 2444 that,
1098 2402 1145 2437 he
1166 2403 1239 2437 will
1262 2404 1373 2438 remit
1401 2404 1463 2445 all,
1491 2415 1534 2438 or
1562 2408 1602 2438 at

130 2456 237 2497 least,
258 2456 395 2501 capital
415 2455 668 2501 punishment,
694 2455 815 2491 either
835 2461 901 2491 out
922 2458 964 2492 of
985 2458 1195 2506 humanity,
1221 2471 1264 2494 or
1288 2460 1347 2494 for
1367 2471 1470 2495 some
1492 2460 1601 2494 other

130 2512 314 2557 plausible
335 2523 472 2547 causes.
525 2513 575 2547 So
604 2513 792 2548 Diodorus
822 2524 903 2559 says
932 2514 1014 2550 that
1043 2516 1178 2562 victory
1198 2517 1347 2562 depends
1374 2528 1418 2550 on
1438 2517 1601 2564 fortune,

133 2569 194 2603 but
210 2580 327 2613 anerey
347 2569 386 2603 in
407 2570 541 2614 victory
562 2581 608 2603 on
628 2570 752 2604 virtue.
806 2570 856 2605 So
875 2571 1035 2613 Curtius,
1056 2573 1100 2607 of
1114 2573 1338 2608 Alexander.

204 2625 311 2660 VIII.
362 2625 465 2659 With
487 2625 621 2670 regard
642 2629 681 2660 to
703 2625 809 2661 those
829 2627 910 2662 who
929 2639 992 2663 are
1017 2628 1133 2663 killed
1154 2630 1310 2664 without
1328 2630 1375 2664 its
1401 2629 1512 2675 being
1542 2630 1600 2664 in-

131 2681 282 2723 tended,
303 2693 357 2716 we
384 2686 484 2716 must
504 2681 592 2716 hold
617 2681 699 2716 that
729 2683 762 2716 if
782 2684 918 2728 justice
949 2685 996 2719 do
1022 2690 1090 2720 not
1113 2687 1272 2731 require,
1293 2690 1332 2720 at
1352 2686 1447 2721 least
1471 2698 1599 2732 mercy

131 2739 232 2780 does,
257 2738 340 2773 that
365 2749 419 2773 we
444 2738 578 2773 should
599 2742 676 2779 not,
697 2744 829 2784 except
861 2741 920 2775 for
944 2742 1103 2787 weighty
1123 2753 1251 2776 causes
1279 2743 1433 2788 tending
1463 2747 1502 2777 to
1533 2743 1598 2778 the

130 2795 252 2841 safety
273 2795 316 2830 of
332 2807 455 2841 many,
477 2795 684 2830 undertake
702 2796 882 2842 anything
902 2797 1022 2832 which
1043 2809 1129 2844 may
1148 2799 1294 2833 involve
1315 2799 1492 2834 innocent
1512 2811 1597 2846 per-

129 2863 215 2887 sons
235 2853 274 2886 in
295 2852 534 2887 destruction.
588 2852 638 2886 So
656 2852 844 2898 Polybius.

202 2909 271 2944 IX.
337 2913 354 2943 1
387 2909 534 2954 Having
562 2909 698 2943 settled
719 2909 825 2945 these
846 2910 1058 2957 priiiciples,
1079 2911 1107 2948 it
1128 2911 1202 2946 will
1222 2916 1288 2947 not
1308 2913 1355 2948 be
1377 2913 1531 2949 difficult
1556 2918 1595 2949 to

128 2965 190 3012 lay
206 2966 314 3000 down
332 2977 434 3002 more
451 2966 589 3012 special
606 2965 715 3001 rules.
