1971 3326
148 180 239 216 CAP.
260 177 385 226 XlV.]
439 181 911 217 TEMPERAMENTUM
942 181 1093 217 CIRCA
1125 181 1331 218 CAPTOS.
1534 177 1616 218 259

151 287 268 343 νικῆν
303 287 575 335 δυναστείαν·
623 293 749 335 Servi
776 294 969 347 fortuna
1009 294 1178 349 quidem
1218 294 1447 348 inferiores
1487 301 1585 335 sunt
1602 309 1615 334 .·

146 365 313 399 natztra
346 365 490 400 autem
518 373 654 413 pares
688 360 903 402 dominis:
937 374 991 401 ac
1019 360 1181 401 divinoe
1217 360 1300 414 leyi
1323 359 1438 414 justi
1463 361 1616 414 reynla

147 431 220 473 est,
258 438 345 466 non
384 425 502 479 qnod
526 426 738 479 fortunoe,
776 426 851 467 secl
886 427 999 479 quod
1025 433 1197 466 naturoe
1227 426 1438 480 con-eruit.
1509 427 1614 467 Ideo

145 504 229 531 non
253 498 415 545 oportet
438 491 631 532 dominos
644 498 857 545 potestate
878 506 960 533 sua
983 492 1031 532 in
1054 506 1196 533 servos
1211 499 1411 546 proterve
1434 492 1516 539 uti,
1539 506 1615 533 nec

146 570 241 597 eam
258 557 490 598 materiam
506 570 669 598 sumere
689 557 901 611 ,superbiae
918 565 957 599 et
974 558 1211 599 insolentie&
1233 565 1271 599 et
1295 559 1406 598 dirce
1414 559 1613 612 feritati.

144 623 255 664 Hoec
278 624 390 664 enim
413 623 537 676 siqna
563 623 704 663 animi
726 637 809 663 non
822 623 1002 676 placidi
1023 625 1098 665 secl
1120 624 1232 665 male
1252 625 1489 679 temperati,
1510 631 1548 665 et
1566 625 1614 664 in

144 688 338 729 subditos
362 689 589 742 tyrannico
613 689 800 742 quodam
823 689 1049 729 dominata
1070 690 1296 730 scevientis.
1366 691 1613 742 Numquid-

145 767 249 794 nam
274 768 441 808 tequam
464 761 537 801 est,
567 752 626 793 ait
655 752 822 802 Seneca,
846 755 1031 807 yravias
1053 755 1218 795 homini
1242 763 1280 796 et
1304 756 1460 796 durius
1483 757 1612 810 impe-

145 820 246 860 rari
268 833 399 872 quam
432 819 674 873 imperatur
705 819 973 861 animalibus
1005 821 1136 861 mutis
1153 820 1172 859 ,9
1209 822 1331 875 atqui
1354 834 1506 875 equum
1529 836 1613 862 non

145 885 307 926 crebris
329 885 573 926 verberibus
596 892 776 926 eoeterret
799 886 1058 926 dominandi
1074 887 1246 940 peritus
1273 887 1510 940 mayister:
1533 887 1614 939 fiet

145 951 258 991 enim
281 951 597 1005 formidolosus
632 958 671 991 et
706 958 947 999 contumaoe,
980 953 1069 993 nisi
1096 966 1189 993 eum
1225 960 1344 993 tactu
1370 953 1614 994 blandiente

138 1016 430 1070 permulseris.
501 1015 560 1056 Et
580 1029 702 1057 mox:
737 1017 844 1068 quid
866 1017 1043 1059 stultius
1067 1032 1194 1070 quam
1219 1019 1267 1059 in
1281 1018 1491 1072 jumentis
1515 1019 1613 1071 qui-

143 1082 239 1122 dem
262 1089 302 1122 et
326 1082 506 1123 canibus
528 1082 765 1123 erubescere
784 1083 901 1123 iram
921 1097 1121 1131 exercere,
1140 1085 1337 1138 pessima
1355 1092 1499 1125 autem
1520 1098 1614 1125 con-

142 1147 306 1188 ditione
334 1147 412 1188 sub
443 1147 610 1188 homine
637 1148 848 1189 hominem
875 1149 998 1190 esse?
1057 1147 1170 1190 Hinc
1200 1154 1262 1190 est
1295 1149 1405 1204 quod
1430 1149 1614 1190 Hebraea

143 1211 237 1269 lege
273 1226 393 1254 servo
430 1218 504 1254 aut
541 1211 699 1254 ancillae
735 1215 756 1242 g
763 1227 845 1254 non
880 1227 958 1268 pro
996 1213 1112 1255 oculo
1146 1219 1307 1256 tantum
1346 1214 1419 1256 sed
1456 1220 1499 1257 et
1535 1229 1611 1271 pro

144 1277 270 1319 dente
293 1292 477 1327 excusso,
504 1292 579 1333 per
602 1277 794 1334 injuriam
818 1278 982 1329 scilicet,
1008 1279 1177 1322 libertas
1199 1280 1443 1325 debebatur.

240 1344 293 1387 V.
359 1345 384 1385 1
434 1343 520 1386 Sed
543 1349 586 1386 et
608 1339 774 1400 hoperae
801 1359 893 1387 cum
917 1345 1038 1387 modo
1062 1345 1278 1403 exigendae
1302 1352 1410 1396 sunt,
1436 1351 1479 1389 et
1502 1346 1613 1389 vale-

143 1408 296 1452 tudinis
319 1424 534 1453 servorum
557 1410 736 1453 humane
760 1410 952 1453 habenda
975 1411 1094 1456 ratio.
1151 1412 1273 1462 Quod
1296 1412 1429 1468 ipsum
1453 1418 1609 1469 praeter

140 1533 288 1562 laudatus
301 1533 407 1570 fuerit,
422 1542 635 1571 numerusque
652 1532 775 1571 Capitis
790 1541 844 1562 eo-

141 1583 213 1613 dem
227 1583 322 1612 modo
337 1586 547 1621 permutatus.
591 1583 627 1612 J.
643 1583 686 1612 B.

200 1632 211 1654 f
235 1633 348 1672 Philo]
385 1634 437 1662 De
472 1633 671 1671 Speeialz‘bus
707 1632 844 1671 Leqibus

141 1683 292 1712 secundo.
346 1683 445 1721 (Pag.
475 1683 533 1713 798
563 1682 614 1718 c.)
667 1682 844 1721 Cyprianus

141 1733 187 1761 ad
202 1733 437 1761 Demetrianum
449 1742 458 1760 .·
482 1732 544 1760 nisi
561 1732 618 1760 tibi
630 1741 692 1768 pro
709 1731 844 1760 arbitrio

141 1785 194 1811 tuo
217 1781 384 1817 serviatur,
414 1781 477 1810 nisi
503 1780 548 1809 ad
568 1780 737 1809 voluntatis
759 1780 844 1809 obse-

140 1832 248 1870 quium
266 1834 434 1869 pareatur‚
464 1830 647 1868 imperiosus
675 1833 703 1859 et
730 1830 844 1858 nimius

141 1881 299 1910 servitutis
332 1883 461 1910 escae-tor
485 1879 649 1917 flaqellaS,
688 1879 846 1916 verberas,

136 1931 234 1969 fame,
254 1931 318 1966 siti,
338 1930 487 1965 nuditate,
499 1929 594 1967 ferro
607 1928 793 1966 frequenter
816 1932 845 1958 et

141 1989 267 2010 carcere
288 1979 419 2021 affliqz's,
443 1982 472 2007 et
492 1987 553 2007 non
581 1978 726 2016 aqnoscis
751 1978 844 2007 miser

140 2029 310 2059 Dominum
324 2029 427 2058 Deum
446 2031 539 2063 tuum,
557 2036 624 2056 cum
640 2027 686 2056 sic
700 2037 844 2057 eoeerceas

139 2080 206 2117 ipse
219 2079 252 2108 in
266 2079 415 2108 hominem
430 2078 630 2108 dominatum.
666 2078 764 2116 (Pag.
774 2079 842 2109 188.

142 2129 233 2159 Edit.
250 2128 330 2158 Fell.
345 2128 470 2165 Brem.)

198 2183 214 2205 g
235 2177 315 2206 Non
332 2187 395 2216 pro
410 2176 499 2206 oculo
514 2179 642 2213 tantum,
662 2175 719 2205 sed
735 2178 764 2205 et
779 2185 843 2214 pro

139 2228 227 2257 dente
247 2226 392 2265 excusso]
420 2226 514 2256 Philo
535 2226 620 2255 dicto
637 2226 727 2255 loco:
757 2226 843 2254 οὕτω

139 2278 205 2315 γάρ
227 2277 244 2306 ὁ
265 2277 324 2315 μὲν
344 2276 413 2306 ἄνθ’
436 2275 479 2305 ὧν
500 2275 629 2314 ἔδρασε,
652 2274 769 2309 διττήν
790 2274 844 2304 ἐκ-

139 2325 272 2364 δέξεται
287 2324 416 2363 ζημίαν,
431 2324 499 2362 ἅμα
514 2325 597 2361 τιμῇ
613 2323 665 2352 καὶ
681 2323 744 2358 τήν
762 2323 844 2358 ὑπη-

138 2372 255 2410 ρεσίαν
276 2371 486 2410 ἀφαιρεθείς·
517 2371 571 2399 καὶ
591 2370 709 2407 τρίτον
730 2368 844 2398 ἑκατέ-

138 2432 195 2457 ρου
204 2423 271 2450 τῶν
280 2420 470 2459 λεχθέντων
480 2419 731 2459 χαλεπώτερον,
741 2418 845 2456 α’ναγ-

141 2470 318 2508 καζόμενος
346 2470 379 2500 ἐν
402 2473 475 2500 τοῖς
505 2470 683 2508 μεγίστοις
711 2469 844 2506 εὐεργε-

911 1536 986 1562 τεῖν
1021 1533 1150 1572 ἐχθρὸν,
1179 1533 1216 1562 ὃν
1248 1532 1328 1562 ’ἴσως
1360 1532 1466 1572 ν’)’χετο
1495 1535 1615 1564 κακοῦν

912 1584 962 1613 ἀεὶ
977 1584 1143 1613 δύνασθαι·
1165 1583 1181 1612 ὁ
1197 1583 1223 1614 δ’
1238 1583 1306 1612 ἄνθ’
1320 1583 1363 1612 ὧν
1379 1584 1531 1622 ὑπέμεινε
1546 1596 1612 1613 πα-

912 1634 1073 1671 ρηγορίαν
1091 1634 1158 1671 ἕξει
1181 1633 1315 1671 διπλῆν,
1339 1635 1374 1662 οὔ
1398 1634 1498 1671 μόνον
1520 1635 1612 1664 ἐλευ-

912 1679 1072 1718 θερωθεὶς,
1092 1680 1185 1709 dmm*
1199 1681 1252 1709 καὶ
1267 1680 1435 1718 ἀργαλέον
1457 1681 1511 1710 καὶ
1526 1681 1614 1719 ὠμὸν

912 1730 1082 1764 δεσπότην
1107 1730 1272 1768 ἐκφυγών.
1303 1731 1349 1760 Sic
1372 1731 1425 1759 ille
1441 1741 1504 1768 pro
1518 1732 1614 1769 facto

912 1778 1065 1816 duplicem
1073 1780 1189 1817 pendet
1192 1789 1326 1817 poenam,
1339 1781 1463 1809 amissis
1471 1784 1499 1810 et
1511 1781 1615 1819 operis

912 1831 941 1858 et
961 1829 1041 1857 servi
1058 1830 1184 1866 pretio.-
1208 1829 1254 1858 ad
1275 1839 1340 1868 quae
1363 1830 1483 1859 accedit
1504 1833 1531 1858 et
1553 1834 1614 1859 ter-

911 1878 988 1906 tium
1002 1878 1120 1907 duobus
1140 1878 1209 1907 istis
1228 1879 1368 1917 qravius,
1390 1879 1475 1917 quod
1494 1880 1616 1917 coqz'tur

912 1925 944 1954 in
959 1927 1050 1955 rebus
1063 1927 1210 1955 maximis
1224 1927 1415 1964 benefacere
1429 1928 1546 1956 homini
1560 1938 1613 1957 ex-

912 1984 965 2004 oso
978 1979 1006 2004 et
1014 1985 1102 2014 quem
1114 1979 1250 2014 optasset
1260 1986 1379 2014 semper
1389 1986 1503 2006 vemare
1506 1987 1600 2015 posse
1603 1988 1613 2013 ‚-

911 2023 993 2051 alter
1009 2025 1110 2052 autem
1128 2032 1190 2060 pro
1206 2023 1289 2052 malo
1307 2023 1392 2061 quod
1404 2024 1539 2061 pertulit
1557 2024 1616 2052 du-

905 2073 985 2110 plea‘
1013 2073 1138 2102 habebit
1164 2073 1320 2109 solatium,
1354 2082 1415 2102 non
1443 2074 1616 2103 libertatem

910 2126 1029 2151 tantum
1044 2123 1183 2160 adeptus,
1203 2123 1259 2152 sed
1271 2133 1292 2152 a
1310 2127 1374 2152 tam
1383 2124 1460 2162 fi’ro
1475 2133 1615 2162 soevoque

911 2172 1035 2201 domino
1050 2173 1216 2203 exsolutus.
1259 2173 1353 2211 (Pag.
1368 2175 1426 2204 808
1440 2182 1470 2202 A.
1487 2172 1541 2212 Β.)

971 2220 986 2242 ¹²
1011 2221 1118 2259 Operae
1142 2231 1210 2251 cum
1227 2223 1316 2251 modo
1335 2223 1506 2262 emiqendae]
1532 2223 1615 2253 Vide

911 2279 937 2300 c.
955 2271 1003 2300 14.
1018 2271 1050 2299 in
1066 2271 1201 2309 epistola
1214 2272 1434 2310 episcoporum
1450 2273 1490 2301 ad
1505 2273 1613 2302 Ludo-

911 2320 1012 2349 vicum
1029 2330 1149 2358 regem,
1164 2331 1234 2358 quae
1249 2322 1368 2350 inserta
1382 2325 1430 2351 est
1444 2322 1476 2350 in
1492 2323 1614 2360 capitu-

912 2370 981 2399 lare
1011 2369 1123 2400 Caroli
1152 2370 1255 2400 Calvi.
1309 2372 1430 2399 Seneca
1464 2371 1614 2408 Epistola

911 2427 1021 2448 XLVII.
1039 2429 1099 2448 non
1113 2423 1263 2458 tanquam
1277 2420 1459 2455 hominibus,
1474 2419 1530 2448 sed
1543 2422 1612 2447 tan-

912 2478 1005 2506 quam
1018 2469 1168 2507 jumentis
1191 2469 1356 2498 abutimur.
1398 2468 1450 2497 De
1474 2468 1612 2497 Atheni.

140 2633 296 2678 harshly,
316 2632 359 2668 of
374 2632 472 2668 their
502 2637 693 2676 servants3
723 2634 843 2669 which
872 2639 972 2670 must
992 2646 1074 2669 now
1102 2634 1153 2681 by
1172 2634 1331 2679 analogy
1350 2633 1397 2669 be
1422 2634 1608 2670 extended

138 2693 177 2723 to
200 2689 250 2723 all
267 2693 445 2724 servants,
496 2690 581 2724 And
602 2701 650 2725 on
670 2690 744 2725 this
764 2691 874 2727 Philo
896 2694 1111 2726 comments.
1176 2691 1226 2725 So
1249 2691 1392 2725 Seneca
1412 2701 1505 2735 says,
1524 2692 1562 2725 Is
1582 2692 1610 2726 it

137 2752 200 2780 not
215 2757 343 2791 savaqe
362 2747 582 2793 anolfoolislz
602 2753 635 2781 to
657 2753 747 2781 treat
775 2754 933 2782 servants
952 2759 1061 2781 worse
1081 2748 1167 2781 than
1193 2747 1292 2780 brute
1319 2747 1504 2781 animals?
1538 2748 1604 2782 διο.

138 2802 269 2837 Hence
288 2803 339 2848 by
359 2802 424 2837 the
445 2803 606 2837 Hebrew
626 2803 705 2844 laW‚
726 2804 772 2850 If
785 2816 808 2838 a
834 2815 921 2837 man
945 2810 1051 2838 smote
1077 2809 1137 2837 out
1168 2803 1220 2837 the
1250 2814 1306 2848 eye
1333 2815 1374 2837 or
1399 2805 1491 2837 tooth
1516 2806 1564 2849 of
1584 2817 1608 2838 a

138 2865 291 2900 servant,
311 2860 351 2894 lle
370 2860 534 2894 obtained
552 2860 604 2894 his
632 2860 766 2905 liberty.
813 2860 930 2896 Exod.
950 2860 1019 2893 xxi.
1043 2862 1100 2893 26.

208 2916 254 2950 V.
306 2919 324 2952 1
368 2915 490 2951 There
515 2917 557 2958 is,
580 2927 785 2959 moreover,
803 2919 843 2952 to
874 2916 922 2953 be
952 2916 1186 2952 moderation
1216 2915 1290 2951 and
1317 2917 1450 2961 regard
1477 2920 1517 2952 to
1542 2917 1607 2952 the

1325 2991 1473 3035 17-2

1632 767 1671 820 ἐξ
1685 767 1761 791 Clem.
1776 767 1791 791 i.

1632 1025 1696 1056 Cap.
1711 1026 1746 1054 17.

1632 1228 1721 1251 Exod.
1733 1228 1788 1252 xxi.

1631 1259 1670 1288 26,
1683 1259 1721 1286 27.
