1971 3326
125 211 213 246 CAr.
234 210 318 254 1V.]
365 212 529 247 BELLO
563 213 798 255 SOLENNI,
829 214 893 248 ET
925 212 1042 248 ALIA
1073 213 1128 247 VI
1159 213 1215 247 IN
1247 212 1459 247 CORPUS.
1539 206 1588 245 Sl

226 323 252 362 2
299 321 480 363 Thraces
502 321 596 362 olim
621 328 741 378 capta
763 321 993 379 Mycalesso
1018 320 1189 363 feminas
1213 335 1374 376 quoque
1399 327 1440 363 et
1462 321 1593 363 infan-

123 392 186 429 tes
217 387 465 436 occiderunt,
504 393 700 429 narrante
732 387 988 444 Thucydide.
1054 387 1169 429 Idem
1208 388 1260 429 de
1297 387 1591 430 Macedonibus
1610 400 1669 425 Lm.
1684 401 1726 424 vn.
1742 401 1779 425 ‘29

124 468 213 495 cum
238 454 402 495 Thebas
425 453 627 509 cepissent
650 460 794 496 narrat
817 454 1036 495 Arrianus.
1087 454 1290 495 l‘Romani
1312 459 1432 510 capta
1458 453 1589 511 Iluroi
1609 459 1655 521 Ζ
1649 459 1749 521 xfflffss

123 519 229 561 urbe
271 519 500 575 Hispaniae,
536 515 733 564 ’ἔκτειναν
770 517 935 572 ὁμαλῶς
973 540 1038 564 και
1073 516 1222 565 παιδία
1263 540 1330 563 και
1370 539 1589 578 Ὑυναικας,

124 587 215 628 sine
238 587 488 628 discrimine
514 588 817 629 interemenmt
846 589 978 629 ctiam
1010 589 1210 630 mulieres
1238 596 1277 629 et
1294 602 1464 642 pueros,
1498 601 1590 642 quae

125 652 253 694 verba
276 657 371 694 sunt
394 652 586 708 Appiani.
641 652 910 694 Germanicus
936 653 1076 694 Cacsar
1095 653 1237 695 Tacito
1262 658 1459 695 narratur
1481 653 1591 695 vicos
1608 658 1770 720 &2272111-‘12

125 718 360 760 Marsorum
407 717 659 771 (Germaniae
694 717 727 758 is
767 716 957 774 populus)
994 719 1104 760 forro
1135 719 1388 774 flammisque
1425 734 1590 775 pervas-
1608 690 1691 744 ‘4⁷²²‘
1694 726 1702 742 ¹
1724 719 1764 743 ⁵¹·

125 790 248 834 tasse,
274 783 440 825 additur
443 797 544 838 que:
571 798 654 825 non
677 798 814 832 sevus,
850 798 934 825 non
958 792 1064 826 aetas
1088 786 1403 827 miserationem
1427 787 1589 828 attulit.

126 850 243 892 Titus
264 849 506 891 Judaeorum
531 849 654 890 etiam
685 850 859 905 4pueros
891 854 932 891 et
959 849 1131 891 feminas
1164 850 1205 891 in
1234 851 1463 906 spectaculo
1494 852 1594 893 feris

124 915 338 958 laniandas
362 914 584 971 proposuit.
650 916 706 957 Et
737 921 875 957 tamen
907 915 950 956 hi
981 916 1062 958 duo
1097 916 1261 974 ingenio
1285 916 1449 958 minime
1481 932 1593 959 saevo

125 982 250 1024 fuisse
277 981 527 1024 creduntur:
563 981 667 1023 adeo
699 981 857 1023 saevitia
892 981 961 1024 illa
988 981 1031 1023 in
1060 997 1217 1024 morem
1249 988 1446 1024 verterat.
1502 985 1594 1034 Quo

125 1047 258 1090 minus
278 1047 424 1089 mirum
446 1047 479 1088 si
501 1053 542 1089 et
560 1061 676 1089 senes
697 1047 1008 1098 interficiuntur,
1031 1054 1077 1091 ut
1100 1063 1126 1090 a
1151 1049 1321 1106 Pyrrho
1346 1049 1548 1093 Priamus

223 1114 277 1155 X.
338 1115 362 1155 1
411 1114 501 1154 qu
525 1113 679 1170 captivi
700 1113 864 1170 quidem
900 1115 952 1157 ab
977 1115 1053 1157 hac
1076 1114 1241 1158 licentia
1276 1115 1439 1158 exemti.
1488 1117 1595 1172 Pyr-

126 1180 228 1222 rhus
250 1179 361 1237 apud
386 1179 583 1222 Senecam
607 1194 659 1221 ex
683 1186 849 1236 recepto
874 1186 972 1223 tunc
996 1196 1134 1224 more:
1618 1191 1815 1217 T1‘0a11-v·333·

1613 1052 1675 1076 AEn.
1684 1051 1710 1074 ii.
1724 1057 1746 1074 v.
1758 1051 1812 1079 550,

1611 1083 1635 1106 et
1646 1088 1713 1112 seqq.

390 1260 469 1295 Lex
488 1260 592 1294 nulla
612 1263 721 1306 capto
742 1261 861 1306 parcit
882 1266 947 1297 aut
967 1273 1117 1308 poenam
1137 1263 1307 1308 impedit.

186 1353 200 1370 4
221 1353 308 1382 Nihil
327 1354 385 1383 hac
407 1354 446 1383 de
467 1363 501 1383 re
519 1354 604 1392 apud
623 1353 826 1383 JOSEPIIUM.
891 1356 1002 1393 pueris
1017 1359 1044 1385 et
1058 1357 1238 1385 mulieribus
1252 1357 1357 1391 habet,
1372 1357 1402 1386 d.
1419 1357 1478 1386 loc.
1510 1357 1544 1387 J.
1555 1358 1595 1386 B.

128 1404 230 1433 Immo
246 1405 362 1433 diserte
376 1405 426 1433 hic
448 1405 502 1441 ait,
524 1404 624 1442 captis
644 1404 827 1442 Hierosoly-

127 1455 197 1492 mis,
221 1455 330 1484 Titum
354 1454 447 1484 vendi
471 1454 601 1493 jussisse
625 1463 743 1490 omnes,
773 1455 828 1492 qui

128 1505 210 1533 infra
224 1505 378 1533 decimum
396 1504 565 1542 septimum
580 1513 696 1532 annum
710 1507 825 1533 essent.

127 1554 210 1583 Bell.
229 1553 308 1583 Jud,
333 1554 403 1583 Lib.
424 1562 469 1583 VI.
494 1562 562 1591 cap.
580 1554 622 1582 ix.
649 1553 711 1592 §2
735 1554 826 1583 clivis.

128 1605 273 1635 Hudsou.
316 1605 433 1634 Hausit
447 1605 571 1634 Auctor
584 1607 692 1634 noster
707 1614 745 1634 ex
760 1605 828 1634 AL-

128 1664 259 1685 Bnmco
277 1656 437 1691 GENTlLI,
452 1654 523 1684 Lib.
536 1663 573 1684 11.
590 1664 660 1692 cap.
673 1655 735 1683 xxi.
752 1664 828 1693 pag.

125 1706 195 1741 425,
210 1704 264 1743 qui
277 1707 384 1734 tamen
395 1703 518 1732 nullum
533 1703 629 1732 alium
643 1706 757 1732 testem
773 1704 829 1732 ad-

127 1755 199 1791 fert,
217 1754 278 1783 nisi
294 1754 450 1784 CARDANI
474 1754 606 1783 Encom.
629 1753 750 1782 Neron.
774 1754 829 1781 ubi

128 1804 178 1833 hic
193 1804 341 1833 adversus
362 1804 470 1832 Titum
493 1803 716 1837 debacchatur,
740 1802 830 1840 quasi

128 1854 250 1884 Neroni
283 1854 543 1891 comparandum,
578 1861 615 1880 eo
650 1852 735 1889 quod
769 1861 829 1880 uno

129 1904 304 1942 spectaculo
323 1903 444 1940 aliquot
460 1902 562 1930 millia
582 1901 776 1937 Juclceorum,
798 1901 831 1929 in

130 1954 242 1992 quibus
263 1961 370 1981 Pumu
387 1960 428 1980 ET
444 1960 631 1986 MULOEREs,
644 1951 732 1989 seris
746 1951 830 1980 dila-

129 2002 263 2031 niandos
281 2001 468 2039 exposuerit.
506 2001 604 2039 Cujus
618 2001 663 2029 rei
675 2003 831 2029 auctorem

130 2052 235 2081 adfert
249 2052 381 2080 amicum
394 2051 459 2080 Titi
474 2049 678 2085 JOSEPHUM,
696 2050 786 2078 Toni.
804 2058 827 2078 1.

131 2111 205 2141 pag.
227 2103 295 2131 205.
340 2101 419 2139 Opp.
453 2100 594 2130 Cardan.
632 2100 697 2129 Ed.
724 2100 828 2138 Luycl.

132 2151 219 2181 1663.
260 2153 307 2180 At
321 2150 480 2189 Josephus
501 2159 541 2180 ne
564 2151 626 2188 791)
648 2150 776 2188 quidem
791 2150 830 2179 de

957 1412 971 1432 q
994 1406 1050 1435 Ne
1065 1407 1182 1444 captivi
1196 1407 1319 1444 quidem
1333 1407 1372 1435 ab
1393 1407 1453 1436 hac
1471 1407 1598 1436 licentia

898 1455 1044 1494 ‹ai-empti]
1068 1455 1201 1484 Elisaeus
1216 1457 1301 1494 apud
1316 1456 1505 1494 Josephum:
1521 1458 1598 1487 τοὺς

899 1506 965 1543 ’γάρ
989 1506 1074 1545 νόμῳ
1098 1506 1288 1543 ληφθέντας
1308 1506 1467 1545 πολέμου,
1492 1506 1596 1536 ἀποκ-

898 1556 1019 1584 τείνειν
1035 1555 1133 1593 &sxa-<76
1149 1556 1283 1584 δίκαιον·
1306 1556 1378 1585 belli
1392 1556 1468 1593 jure
1490 1561 1599 1595 captos

899 1605 1033 1643 interfici
1052 1605 1171 1641 justum
1196 1605 1327 1634 (licebat.
1371 1606 1494 1645 (Antiq.
1519 1607 1598 1637 Jud.

899 1655 969 1684 Lib.
983 1664 1030 1684 1x.
1047 1656 1164 1693 cap.iv.
1181 1655 1198 1693 ἓ
1215 1657 1242 1684 3.
1264 1655 1329 1684 Ed.
1345 1656 1508 1693 Huclson.)
1534 1658 1603 1687 Ita·-

900 1715 961 1744 que
983 1705 1137 1743 Virgilius
1158 1705 1317 1743 captivum
1339 1705 1460 1735 inducit
1483 1716 1600 1745 rogan-

899 1757 964 1784 tem
979 1766 985 1783 :

900 1813 952 1836 Per
969 1814 1067 1843 patrios
1084 1821 1184 1844 manes,
1205 1822 1252 1845 per
1269 1822 1327 1846 spes
1347 1817 1479 1846 surgentis
1495 1816 1559 1847 Iuli,

900 1854 935 1878 Tc
955 1862 1047 1885 precor
1063 1856 1133 1880 hanc
1149 1857 1268 1881 animam
1284 1864 1370 1881 scrvcs
1386 1859 1504 1888 natoque
1520 1859 1600 1889 patri-

962 1905 1022 1927 que.

900 1951 989 1989 (AEn.
1013 1960 1048 1981 x.
1072 1952 1155 1989 524.)
1205 1960 1278 1981 Lxx
1314 1952 1412 1982 millia
1436 1954 1600 1983 Slavorum

900 2004 1065 2039 captorum
1088 2002 1127 2030 ab
1153 2002 1275 2031 Ottone
1302 2003 1471 2033 interfecta
1492 2007 1600 2034 narrat

902 2051 1102 2081 iVitikindus
1116 2052 1248 2082 Lib.111.
1265 2052 1409 2091 [pag.34.
1425 2054 1516 2083 Edit.
1538 2055 1602 2084 We-

900 2102 976 2132 chel.
995 2103 1082 2133 1577.
1097 2103 1150 2132 ubi
1166 2106 1271 2132 tamen
1294 2103 1486 2143 Septinqentz’
1499 2105 1600 2143 capti-

899 2162 1007 2182 vorum
1022 2155 1147 2182 tantum
1163 2153 1265 2192 capite
1279 2153 1351 2182 coesi
1365 2154 1540 2193 dicuntur]

204 2355 226 2386 2
265 2351 388 2386 When
414 2352 478 2387 the
511 2353 712 2388 Thracians
740 2353 830 2388 took
860 2353 1086 2400 Mycalessus
1115 2354 1205 2401 they
1235 2358 1304 2401 put
1332 2358 1371 2390 to
1401 2354 1514 2390 death
1536 2355 1600 2390 the

122 2418 275 2443 women
305 2409 380 2443 and
415 2409 594 2446 children.

658 2411 708 2445 So
744 2410 809 2445 the
841 2411 1104 2446 Macedonians
1142 2412 1205 2446 did
1245 2411 1352 2447 when
1385 2412 1474 2458 they
1510 2413 1601 2447 took

131 2465 301 2506 Thebes3
325 2465 390 2500 the
412 2467 577 2502 Romans
606 2467 712 2502 when
743 2467 834 2513 they
853 2468 943 2502 took
964 2469 1099 2514 Ilurgis
1126 2469 1164 2502 in
1192 2469 1330 2514 Spain3
1357 2469 1599 2504 Germanicus

130 2522 291 2566 ravaged
311 2522 375 2556 the
399 2523 515 2558 Marsi
543 2523 633 2558 with
659 2525 727 2558 fire
750 2525 824 2558 and
845 2525 965 2560 sword
988 2525 1143 2560 without
1163 2537 1289 2572 mercy
1309 2530 1348 2560 to
1369 2537 1432 2561 sex
1453 2537 1496 2560 or
1516 2536 1596 2571 age.

133 2578 238 2612 Titus
259 2579 421 2624 exposed
448 2580 513 2614 the
545 2580 714 2615 children
735 2581 809 2616 and
837 2592 980 2616 women
1010 2582 1123 2617 taken
1152 2586 1191 2617 at
1217 2583 1425 2617 Jerusalem
1445 2585 1484 2616 to
1506 2582 1600 2628 sight

131 2635 220 2669 with
239 2635 325 2669 wild
344 2635 468 2671 beasts
488 2637 527 2670 in
549 2637 612 2671 the
632 2637 758 2683 public
776 2639 977 2684 spectacles
986 2634 1021 2673 ‘¹‘-
1071 2639 1156 2673 And
1177 2643 1239 2685 yet
1261 2639 1503 2673 Germanicus
1525 2639 1601 2673 and

133 2692 238 2726 Titus
260 2703 323 2727 are
343 2693 559 2728 considered
581 2705 620 2729 as
637 2694 799 2730 humane
819 2706 928 2737 men3
953 2706 993 2730 so
1014 2695 1125 2730 much
1146 2695 1219 2730 had
1241 2695 1323 2730 that
1343 2695 1433 2729 kind
1459 2696 1502 2730 of
1518 2707 1600 2730 cru—

131 2749 210 2795 elty
228 2749 383 2784 become
412 2754 633 2796 customary.
693 2751 778 2786 And
798 2751 916 2786 hence
943 2763 997 2786 we
1025 2763 1088 2786 are
1109 2752 1174 2786 the
1194 2752 1265 2787 less
1287 2755 1326 2786 to
1347 2752 1498 2787 wonder
1518 2752 1601 2789 that

133 2806 195 2840 old
211 2817 296 2841 men
312 2818 408 2842 were
426 2807 530 2849 slain‚
547 2818 586 2842 as
603 2808 730 2842 Priam
746 2808 796 2853 by
816 2808 992 2854 Pyrrhus.

204 2862 255 2898 X.
306 2867 324 2898 1
366 2865 471 2899 Even
500 2865 661 2910 captives
689 2876 784 2899 were
804 2868 872 2899 not
893 2865 1092 2910 exempted
1112 2865 1210 2900 from
1230 2865 1304 2901 this
1321 2865 1489 2913 liability.
1538 2867 1600 2902 No

191 2933 208 2949 ⁴*
230 2933 409 2974 Barbeyrac
423 2936 525 2964 shews
539 2936 610 2965 that
624 2936 686 2964 this
701 2936 855 2965 assertion
876 2936 902 2964 is
924 2938 980 2964 not
996 2937 1170 2974 supported
1185 2937 1227 2975 by
1241 2938 1326 2976 good
1340 2938 1482 2975 authors,
1498 2938 1561 2967 and
1574 2938 1601 2967 is

133 2985 321 3023 apparently
333 2985 430 3014 taken
445 2985 525 3014 from
541 2994 560 3014 a
576 2985 789 3014 declamation
806 2985 841 3014 of
854 2984 980 3015 Cardan
994 2986 1121 3024 against
1136 2986 1240 3017 Titus.

269 3058 423 3115 [eno‘r.
442 3059 528 3119 111.]
1441 3033 1465 3071 6
