1971 3326
187 216 279 252 01³1».
298 212 424 258 VIII.]
608 213 677 247 DE
708 209 926 247 IMPERIO
958 209 1016 244 IN
1045 205 1242 243 VIGTOS.
1582 196 1663 237 163

187 333 251 371 est
283 326 327 369 in
358 340 459 383 rege
493 330 568 367 aut
600 323 679 366 alio
711 322 957 379 imperante,
989 324 1032 362 et
1061 324 1160 361 tunc
1189 316 1233 359 in
1263 314 1350 372 ejus
1372 314 1576 357 duntaxat
1595 313 1664 369 jus

187 393 432 442 succeditur,
465 407 548 433 non
578 391 714 440 ultra3
749 389 817 432 vel
841 388 966 430 etiam
989 382 1008 407 b
1024 391 1069 428 ut
1092 385 1134 427 in
1158 383 1309 441 populo
1334 387 1421 424 est:
1454 395 1534 436 quo
1567 394 1663 421 casu

189 461 322 503 victor
344 458 560 515 imperium
584 457 723 506 habet,
748 455 807 497 ita
829 460 876 496 ut
900 459 942 496 et
965 452 1147 495 alienare
1171 449 1313 506 possit,
1349 448 1455 490 sicut
1486 446 1662 503 populus

190 531 369 584 poterat.
440 526 496 566 Et
540 523 595 566 sic
642 523 796 564 factum
842 525 890 563 ut
935 532 1068 577 regna
1105 516 1295 574 quaedam
1330 514 1374 557 in
1414 511 1661 571 patrimonio

190 597 338 642 essent,
364 590 540 634 diximus
562 588 672 631 alibi.

291 659 348 700 ΙΙ.
399 659 424 699 1
472 657 617 698 Potest
640 659 683 697 et
705 652 880 709 amplius
904 651 1006 702 fieri,
1033 664 1181 706 nempe
1204 654 1264 698 ut,
1290 662 1384 703 quae
1407 645 1550 689 civitas
1569 644 1660 695 fuit,

191 725 333 767 civitas
357 738 445 766 esse
467 721 641 768 desinat,
666 719 753 761 sive
776 719 836 760 ita
863 723 911 760 ut
942 716 1119 759 accessio
1154 715 1228 757 fiat
1262 713 1434 756 alterius
1469 711 1660 761 civitatis,

191 797 239 834 ut
273 792 475 832 Romanae
509 785 745 844 provinciae,
784 784 872 826 sive
895 788 942 825 ut
965 782 1067 824 nulli
1092 780 1251 822 civitati
1285 779 1514 827 adhaereat,
1550 783 1597 819 ut
1628 777 1663 819 si

191 872 267 900 rex
290 871 362 899 suo
387 860 524 897 sumtu
547 853 699 895 bellum
723 864 873 908 gerens
897 848 1093 905 populum
1114 846 1191 888 sibi
1209 846 1268 887 ita
1283 843 1483 900 subjiciat,
1507 848 1553 885 ut
1570 858 1663 884 eum

191 923 283 980 regi
315 922 416 965 velit
449 935 532 962 non
562 919 616 961 ad
651 917 792 975 populi
815 916 889 958 sed
911 915 966 957 ad
987 912 1172 971 regentis
1195 910 1403 968 praecipue
1427 909 1662 959 utilitatem,

193 989 303 1045 quod
334 987 477 1030 herilis
510 992 573 1028 est
604 983 779 1040 imperii,
813 996 896 1024 non
930 980 1072 1022 civilis.
1144 977 1391 1020 Aristoteles
1425 976 1481 1018 lib
1503 990 1575 1018 v11.
1613 975 1665 1017 de

191 1054 430 1110 republica;
467 1048 568 1096 ἔστι
605 1047 650 1094 δὲ
688 1047 807 1110 ἁρχὴ
843 1045 868 1101 ἦ
902 1045 978 1099 μὲν
1013 1048 1092 1090 τοῦ
1128 1041 1346 1105 ἄρχοντος
1381 1040 1525 1104 χάριν,
1556 1039 1582 1094 ἦ
1620 1037 1664 1085 δὲ

193 1123 274 1164 τοῦ
304 1116 562 1180 ἀρχομένου.
599 1116 772 1160 τούτων
801 1109 845 1157 δὲ
866 1111 950 1166 τὴν
973 1110 1053 1164 μὲν
1081 1107 1344 1162 δεσποτικὴν
1375 1109 1483 1154 εἶναι’
1508 1112 1666 1168 φαμεν,

192 1184 276 1239 ’τὴν
313 1181 362 1238 δή
403 1187 490 1228 τῶν
525 1179 792 1243 ἐλευθέρων·
830 1181 1058 1236 imperium
1095 1179 1225 1219 aliud
1254 1185 1314 1218 est
1348 1177 1399 1217 ob
1430 1176 1668 1217 utilitatem

192 1253 391 1309 reyenti&
430 1252 558 1293 aliud
595 1251 645 1292 ob
682 1249 923 1290 utilitatem
960 1247 1051 1299 ejus
1088 1245 1162 1301 qui
1198 1244 1393 1298 reyitur:
1432 1243 1508 1284 lzoc
1553 1243 1669 1283 inter

1680 577 1739 602 Lib.
1753 577 1769 602 i.
1785 577 1837 602 111.

1683 609 1695 640 ξ
1711 609 1747 633 11.

1683 983 1746 1013 Cap.
1756 983 1794 1006 14.

193 1369 285 1398 victis
299 1368 426 1398 volebat
440 1366 612 1397 Belisarius
633 1365 729 1394 etiam
745 1364 777 1393 in
794 1364 900 1393 Sicilia

194 1419 368 1457 Lilybaeum
393 1419 540 1447 Romano
561 1415 696 1454 imperio
719 1415 841 1450 cedere,
863 1416 900 1442 ut

195 1470 281 1507 quod
304 1468 457 1498 Vandalis
485 1467 645 1496 dedissent
670 1464 795 1494 Gotthi.
838 1463 900 1492 Sed

194 1519 217 1547 ii
231 1519 354 1548 dedisse
369 1527 402 1546 se
416 1517 587 1555 negabant.
619 1514 793 1552 Procopius
818 1513 901 1542 Van-

196 1569 372 1598 dalicorum
388 1576 425 1596 11.
461 1566 558 1604 (Cap.
574 1565 622 1602 5.)
656 1564 814 1593 Hem-icus
830 1563 901 1592 Fri-

196 1619 294 1648 derici
326 1618 528 1647 Barbarossae
556 1615 639 1643 filius
667 1617 761 1652 capta
796 1613 903 1642 Sicilia

197 1670 425 1708 Epidamnum,
448 1665 713 1699 Thessalonicam,
734 1663 859 1700 aliaque
883 1672 902 1691 a

199 1718 312 1748 Siculis
327 1725 472 1756 possessa
490 1714 549 1744 sibi
569 1714 763 1743 vindicabat.
805 1712 901 1741 Nice-

197 1772 247 1798 tas
275 1768 348 1797 Lib.
376 1776 400 1797 1.
431 1766 468 1794 de
495 1764 608 1794 Alexio
636 1763 747 1791 Isaaci
773 1761 900 1791 Fratre.

200 1818 302 1856 (Cap.
317 1816 369 1852 9.)
411 1815 551 1844 Baianus
571 1813 751 1841 Avarorum
774 1811 901 1848 Chaga-

198 1877 259 1896 nus
273 1867 313 1895 ad
328 1867 558 1903 Imperatorem
574 1862 613 1890 de
630 1860 760 1889 Sirmio:
775 1859 902 1897 προσή-

200 1929 269 1947 κειν
292 1917 384 1954 αὐτῷ
408 1913 582 1949 Γηπαὶδων
604 1910 773 1949 πρότερον
791 1912 903 1948 κτῆμα

200 1965 390 2005 γενομένην,
414 1965 522 1993 αὐτῶν
542 1963 574 1991 δὲ
600 1961 663 1990 ὑπὸ
680 1960 821 1998 Ἀβάρων
840 1971 903 1988 πο-

201 2016 421 2054 λεμηθέντων·
443 2013 487 2042 ad
499 2022 531 2041 se
545 2021 612 2041 eam
625 2011 905 2049 urbcmpertinere,

201 2070 235 2096 ut
254 2075 320 2104 quae
341 2063 538 2102 Gepidarum
550 2062 681 2100 fuisset,
699 2060 754 2099 qui
773 2060 905 2098 Gepidoe

965 1362 1040 1392 victi
1054 1364 1151 1391 essent
1165 1361 1205 1390 ab
1219 1360 1349 1389 Avaris.
1376 1359 1579 1398 (Menander,
1595 1366 1670 1396 pag.

968 1412 1054 1451 108.)
1090 1412 1206 1441 Petrus
1221 1409 1398 1439 Justiniani
1412 1410 1538 1447 legatus
1553 1409 1585 1437 in
1601 1417 1671 1436 ora-

966 1464 1053 1492 tione
1076 1463 1116 1490 ad
1142 1461 1316 1490 Chosroem
1330 1471 1337 1490 :
1367 1459 1385 1488 ὁ
1412 1459 1477 1498 γάρ
1502 1457 1671 1488 δεσπόσας

967 1514 1029 1541 τοῦ
1050 1511 1247 1550 ἡγεμονικοῦ
1266 1512 1336 1539 πῶς
1355 1511 1418 1548 οὐχ
1437 1509 1504 1547 ἕξει
1524 1509 1565 1537 τὸ
1590 1508 1671 1536 ὑπο-

965 1562 1123 1600 βέβηκος;
1138 1561 1214 1590 οὔτε
1230 1559 1296 1597 γάρ
1311 1559 1425 1596 Λάζοι,
1441 1559 1519 1588 οὔτε
1539 1559 1601 1595 μήν
1618 1558 1673 1586 αὐ-

967 1613 1021 1641 τοὶ
1051 1610 1188 1640 Souanoi
1222 1610 1306 1647 ’πρὸς
1335 1609 1593 1647 ἀμφισβήτησιν
1627 1608 1673 1637 εἵ-

967 1673 1074 1696 ποιεν,
1084 1660 1125 1689 ὥς
1142 1661 1204 1697 οὺχ
1220 1657 1358 1693 ὑπήκοος
1371 1657 1389 1693 ἠ
1404 1658 1545 1686 Σουανὶα
1556 1657 1673 1695 Λάζων

967 1710 1125 1741 ἀνέκαθεν
1146 1709 1192 1745 ἦν·
1215 1719 1287 1738 nam
1302 1709 1356 1747 qui
1371 1708 1512 1737 dominus
1527 1711 1571 1736 est
1579 1707 1674 1745 prin-

969 1760 1094 1799 cipalis,
1116 1759 1268 1798 quomodo
1283 1768 1343 1787 non
1362 1758 1422 1787 erit
1438 1761 1466 1786 et
1480 1756 1675 1786 accessorii?

968 1820 1064 1848 neque
1079 1809 1157 1838 enim
1171 1811 1227 1837 aut
1243 1808 1328 1837 Lazz'
1344 1811 1400 1836 aut
1416 1807 1518 1836 Suam·
1536 1816 1674 1845 unquam

969 1859 1211 1891 controversiam
1223 1859 1305 1887 hanc
1318 1859 1490 1891 movebant,
1504 1857 1676 1895 izonficisse

970 1911 1010 1939 ab
1035 1909 1164 1946 antiquo
1188 1907 1349 1936 Lazorum
1373 1907 1538 1936 Sicaniam.
1580 1907 1674 1944 (Pag.

969 1959 1052 1996 120.)
1094 1958 1276 1995 Utrumque
1291 1960 1338 1986 est
1354 1967 1393 1986 ex
1407 1957 1585 1986 Menandro
1595 1957 1676 1985 Pro-

969 2012 1103 2040 tectore.
1143 2008 1239 2038 Adde
1253 2017 1324 2046 quae
1338 2008 1398 2037 hoc
1413 2007 1529 2046 capite,
1551 2006 1569 2045 ξ
1584 2008 1615 2036 4.

1254 2223 1340 2259 And
1360 2223 1479 2258 hence
1500 2223 1530 2258 it
1551 2234 1676 2259 comes

205 2294 244 2325 to
269 2300 365 2335 pass,
390 2288 473 2323 that
496 2297 598 2323 some
618 2284 816 2330 kingdoms
844 2294 907 2318 are
934 2282 1185 2329 patrimonial,
1208 2293 1248 2317 as
1273 2293 1328 2316 we
1355 2281 1449 2315 have
1474 2280 1675 2316 elsewhere

205 2347 295 2384 said.

278 2404 328 2438 II.
392 2406 410 2436 1
443 2401 519 2434 But
542 2409 647 2433 more
668 2409 754 2444 may
774 2397 987 2432 sometimes
1006 2397 1055 2432 be
1076 2396 1236 2432 effected
1254 2395 1306 2442 by
1325 2395 1390 2430 the
1407 2394 1508 2440 right
1529 2394 1572 2429 of
1587 2405 1677 2429 con-

207 2465 336 2507 quest3
365 2457 527 2502 namely,
547 2467 587 2491 so
609 2456 692 2491 that
707 2455 806 2489 what
824 2465 897 2489 was
918 2466 940 2489 a
957 2458 1053 2490 state
1074 2466 1160 2500 may
1181 2464 1286 2488 cease
1311 2456 1351 2487 to
1376 2452 1423 2486 be
1444 2463 1466 2485 a
1486 2455 1582 2485 state
1594 2464 1604 2491 3
1635 2461 1676 2485 so

207 2519 290 2553 that
310 2518 340 2550 it
357 2526 442 2561 may
458 2514 613 2548 become
634 2524 682 2547 an
703 2522 895 2558 accessory
911 2516 996 2558 part
1016 2516 1056 2546 to
1081 2510 1239 2545 another
1258 2513 1365 2549 state,
1386 2519 1425 2542 as
1446 2508 1511 2541 the
1527 2508 1676 2541 Roman

207 2574 424 2621 provinces;
449 2582 491 2605 or
507 2581 591 2615 may
608 2570 656 2604 be
671 2569 847 2603 attached
864 2573 902 2604 to
923 2580 972 2603 no
994 2572 1102 2609 state,
1122 2579 1162 2602 as
1180 2567 1212 2601 if
1229 2566 1371 2610 a’king,
1392 2565 1563 2610 carrying
1584 2575 1633 2598 on
1654 2574 1677 2598 a

208 2643 283 2665 war
299 2634 338 2665 at
355 2629 411 2663 his
429 2638 510 2662 own
527 2637 698 2672 expense,
715 2626 859 2671 subject
879 2637 901 2660 a
921 2626 1055 2671 people
1071 2629 1110 2659 to
1127 2624 1206 2658 him
1222 2624 1260 2657 in
1278 2623 1367 2657 such
1384 2633 1406 2656 a
1422 2633 1513 2667 way,
1529 2621 1612 2655 that
1627 2620 1676 2655 he

208 2699 295 2733 may
321 2687 440 2721 direct
462 2684 491 2718 it
511 2687 550 2718 to
577 2683 625 2717 be
655 2683 842 2728 governed
870 2683 1011 2728 mainly
1042 2686 1081 2716 to
1108 2681 1173 2715 the
1200 2680 1419 2724 advantage,
1449 2682 1516 2712 not
1544 2678 1587 2712 of
1611 2677 1677 2712 the

209 2744 355 2792 people,
369 2743 437 2777 but
459 2740 502 2775 of
517 2740 581 2775 the
602 2751 806 2784 governor3
824 2739 945 2773 which
965 2740 995 2773 is
1012 2749 1034 2772 a
1050 2738 1252 2777 character,
1272 2740 1339 2770 not
1359 2735 1402 2770 of
1420 2735 1503 2769 civil
1520 2745 1679 2780 govern-

209 2806 324 2842 ment,
346 2801 415 2835 but
441 2794 491 2833 of'
512 2809 535 2831 a
563 2801 703 2831 master
731 2807 819 2831 over
847 2799 1025 2831 servants.
1079 2795 1128 2828 So
1157 2793 1357 2827 Aristotle:
1393 2792 1630 2826 Government
1650 2792 1680 2826 is

209 2859 400 2894 sometimes
416 2858 489 2902 for
514 2855 567 2889 the
583 2855 783 2898 advaoztaye
805 2854 850 2899 of
868 2854 921 2886 the
941 2863 1125 2897 yovernor‚
1143 2851 1342 2890 sometimes,
1360 2850 1408 2894 of
1416 2850 1469 2883 the
1483 2850 1679 2894 yoverned:

211 2918 264 2950 the
292 2916 398 2949 latter
418 2915 481 2948 has
506 2912 610 2957 place
635 2923 767 2955 among
783 2911 973 2957 freemen:
1004 2910 1056 2943 the
1070 2910 1215 2955 former
1247 2907 1276 2941 is
1309 2908 1361 2941 the
1387 2912 1613 2952 yovemimem
1641 2906 1688 2950 of

208 2979 369 3008 servants
392 2973 434 3016 by
455 2982 479 3004 α
500 2974 642 3003 master.
694 2967 774 3003 The
795 2967 929 3013 people
954 2965 1075 3001 which
1098 2965 1128 3000 is
1150 2976 1190 3000 so
1214 2964 1401 3010 governed
1429 2965 1470 3005 is,
1490 2963 1589 2998 from
1616 2963 1681 2998 the

1399 3042 1547 3082 Il—fz

203 2243 290 2278 may
307 2231 468 2266 alienate
485 2230 526 2271 it,
546 2240 586 2264 as
606 2227 671 2262 the
691 2225 826 2273 people
843 2225 954 2261 could
971 2225 1065 2261 have
1083 2225 1192 2260 done.
