<?xml version="1.0" encoding="UTF-8"?>
<!DOCTYPE html PUBLIC "-//W3C//DTD XHTML 1.0 Transitional//EN"
    "http://www.w3.org/TR/xhtml1/DTD/xhtml1-transitional.dtd">
<html xmlns="http://www.w3.org/1999/xhtml" xml:lang="en" lang="en">
 <head>
  <title>
</title>
<meta http-equiv="Content-Type" content="text/html;charset=utf-8" />
  <meta name='ocr-system' content='tesseract 3.04.00' />
  <meta name='ocr-capabilities' content='ocr_page ocr_carea ocr_par ocr_line ocrx_word'/>
</head>
<body>
  <div class='ocr_page' id='page_1' title='image "./dejurebellietpac03grotuoft_0195.png"; bbox 0 0 1971 3326; ppageno 0'>
   <div class='ocr_carea' id='block_1_1' title="bbox 171 158 1640 208">
    <p class='ocr_par' dir='ltr' id='par_1_1' title="bbox 171 158 1640 208">
     <span class='ocr_line' id='line_1_1' title="bbox 171 158 1640 208; baseline -0.002 -8"><span class='ocrx_word' id='word_1_1' title='bbox 171 164 262 201; x_wconf 79' lang='lat' dir='ltr'>CAP.</span> <span class='ocrx_word' id='word_1_2' title='bbox 282 163 372 208; x_wconf 92' lang='lat' dir='ltr'><strong>IX.]</strong></span> <span class='ocrx_word' id='word_1_3' title='bbox 678 164 746 199; x_wconf 88' lang='lat' dir='ltr'>DE</span> <span class='ocrx_word' id='word_1_4' title='bbox 776 163 1127 199; x_wconf 88' lang='lat' dir='ltr'><strong>POSTLIMINIO.</strong></span> <span class='ocrx_word' id='word_1_5' title='bbox 1559 158 1640 197; x_wconf 82' lang='lat'>185</span> 
     </span>
    </p>
   </div>
   <div class='ocr_carea' id='block_1_2' title="bbox 158 269 1644 1721">
    <p class='ocr_par' dir='ltr' id='par_1_2' title="bbox 158 269 1641 725">
     <span class='ocr_line' id='line_1_2' title="bbox 169 269 1639 328; baseline -0.002 -13"><span class='ocrx_word' id='word_1_6' title='bbox 169 271 357 315; x_wconf 83' lang='lat' dir='ltr'>serviunt</span> <span class='ocrx_word' id='word_1_7' title='bbox 378 286 431 313; x_wconf 88' lang='lat' dir='ltr'>ex</span> <span class='ocrx_word' id='word_1_8' title='bbox 454 269 604 328; x_wconf 89' lang='lat' dir='ltr'>populo</span> <span class='ocrx_word' id='word_1_9' title='bbox 628 270 830 323; x_wconf 65' lang='lat' dir='ltr'>sederam,</span> <span class='ocrx_word' id='word_1_10' title='bbox 856 270 888 313; x_wconf 89' lang='lat' dir='ltr'>si</span> <span class='ocrx_word' id='word_1_11' title='bbox 913 271 1079 312; x_wconf 91' lang='lat' dir='ltr'>domum</span> <span class='ocrx_word' id='word_1_12' title='bbox 1103 269 1372 319; x_wconf 87' lang='lat' dir='ltr'>revenissent,</span> <span class='ocrx_word' id='word_1_13' title='bbox 1392 270 1639 326; x_wconf 86' lang='lat' dir='ltr'>postliminio</span> 
     </span>
     <span class='ocr_line' id='line_1_3' title="bbox 170 336 1640 394; baseline -0.001 -14"><span class='ocrx_word' id='word_1_14' title='bbox 170 338 357 380; x_wconf 83' lang='lat' dir='ltr'>redeant.</span> <span class='ocrx_word' id='word_1_15' title='bbox 430 338 498 379; x_wconf 88' lang='lat' dir='ltr'>Ita</span> <span class='ocrx_word' id='word_1_16' title='bbox 530 337 636 379; x_wconf 89' lang='lat' dir='ltr'>enim</span> <span class='ocrx_word' id='word_1_17' title='bbox 668 337 774 378; x_wconf 89' lang='lat' dir='ltr'>hanc</span> <span class='ocrx_word' id='word_1_18' title='bbox 805 337 1072 392; x_wconf 74' lang='lat' dir='ltr'>quaestionem</span> <span class='ocrx_word' id='word_1_19' title='bbox 1103 336 1299 393; x_wconf 89' lang='lat' dir='ltr'>proponit</span> <span class='ocrx_word' id='word_1_20' title='bbox 1330 337 1474 379; x_wconf 88' lang='lat' dir='ltr'>Cicero</span> <span class='ocrx_word' id='word_1_21' title='bbox 1507 337 1640 394; x_wconf 85' lang='lat' dir='ltr'>primo</span> 
     </span>
     <span class='ocr_line' id='line_1_4' title="bbox 171 402 1640 460; baseline -0.001 -14"><span class='ocrx_word' id='word_1_22' title='bbox 171 404 223 446; x_wconf 92' lang='lat' dir='ltr'>de</span> <span class='ocrx_word' id='word_1_23' title='bbox 246 410 424 446; x_wconf 86' lang='lat' dir='ltr'>oratore.</span> <span class='ocrx_word' id='word_1_24' title='bbox 490 403 549 445; x_wconf 84' lang='lat' dir='ltr'>Et</span> <span class='ocrx_word' id='word_1_25' title='bbox 583 402 727 445; x_wconf 82' lang='lat' dir='ltr'>Gallus</span> <span class='ocrx_word' id='word_1_26' title='bbox 759 403 925 459; x_wconf 90' lang='lat' dir='ltr'>quidem</span> <span class='ocrx_word' id='word_1_27' title='bbox 961 403 1098 444; x_wconf 90' lang='lat' dir='ltr'>AElius</span> <span class='ocrx_word' id='word_1_28' title='bbox 1127 402 1183 444; x_wconf 88' lang='lat' dir='ltr'>sic</span> <span class='ocrx_word' id='word_1_29' title='bbox 1212 403 1297 445; x_wconf 87' lang='lat' dir='ltr'>ait:</span> <span class='ocrx_word' id='word_1_30' title='bbox 1334 419 1433 445; x_wconf 83' lang='lat' dir='ltr'>cum</span> <span class='ocrx_word' id='word_1_31' title='bbox 1462 405 1640 460; x_wconf 74' lang='lat' dir='ltr'>populis</span> 
     </span>
     <span class='ocr_line' id='line_1_5' title="bbox 173 470 1641 525; baseline 0 -13"><span class='ocrx_word' id='word_1_32' title='bbox 173 472 319 513; x_wconf 75' lang='lat' dir='ltr'>liberis</span> <span class='ocrx_word' id='word_1_33' title='bbox 342 479 381 512; x_wconf 74' lang='lat' dir='ltr'>et</span> <span class='ocrx_word' id='word_1_34' title='bbox 412 485 508 511; x_wconf 89' lang='lat' dir='ltr'>cum</span> <span class='ocrx_word' id='word_1_35' title='bbox 529 471 763 525; x_wconf 75' lang='lat' dir='ltr'>secleratis,</span> <span class='ocrx_word' id='word_1_36' title='bbox 789 478 828 512; x_wconf 76' lang='lat' dir='ltr'>et</span> <span class='ocrx_word' id='word_1_37' title='bbox 852 484 947 511; x_wconf 80' lang='lat' dir='ltr'>cum</span> <span class='ocrx_word' id='word_1_38' title='bbox 977 471 1149 524; x_wconf 68' lang='lat' dir='ltr'>reyibus</span> <span class='ocrx_word' id='word_1_39' title='bbox 1174 470 1496 525; x_wconf 73' lang='lat' dir='ltr'><em>postliminium</em></span> <span class='ocrx_word' id='word_1_40' title='bbox 1520 471 1641 512; x_wconf 74' lang='lat' dir='ltr'>nobis</span> 
     </span>
     <span class='ocr_line' id='line_1_6' title="bbox 171 535 1641 590; baseline -0.001 -11"><span class='ocrx_word' id='word_1_41' title='bbox 171 545 232 579; x_wconf 76' lang='lat' dir='ltr'>est</span> <span class='ocrx_word' id='word_1_42' title='bbox 255 538 322 578; x_wconf 83' lang='lat' dir='ltr'>ita</span> <span class='ocrx_word' id='word_1_43' title='bbox 346 538 413 578; x_wconf 80' lang='lat' dir='ltr'>uti</span> <span class='ocrx_word' id='word_1_44' title='bbox 437 551 533 578; x_wconf 88' lang='lat' dir='ltr'>cum</span> <span class='ocrx_word' id='word_1_45' title='bbox 556 537 758 578; x_wconf 71' lang='lat' dir='ltr'>hostibus.</span> <span class='ocrx_word' id='word_1_46' title='bbox 813 535 972 577; x_wconf 78' lang='lat' dir='ltr'>Contra</span> <span class='ocrx_word' id='word_1_47' title='bbox 997 535 1222 578; x_wconf 87' lang='lat' dir='ltr'>Proculus:</span> <span class='ocrx_word' id='word_1_48' title='bbox 1250 551 1334 577; x_wconf 83' lang='lat' dir='ltr'>non</span> <span class='ocrx_word' id='word_1_49' title='bbox 1358 538 1507 579; x_wconf 82' lang='lat' dir='ltr'>dubito</span> <span class='ocrx_word' id='word_1_50' title='bbox 1532 538 1641 590; x_wconf 82' lang='lat' dir='ltr'>quin</span> 
     </span>
     <span class='ocr_line' id='line_1_7' title="bbox 158 603 1640 659; baseline 0.001 -14"><span class='ocrx_word' id='word_1_51' title='bbox 158 604 360 658; x_wconf 76' lang='lat' dir='ltr'>federati</span> <span class='ocrx_word' id='word_1_52' title='bbox 390 610 429 644; x_wconf 76' lang='lat' dir='ltr'>et</span> <span class='ocrx_word' id='word_1_53' title='bbox 466 603 592 644; x_wconf 80' lang='lat' dir='ltr'>liberi</span> <span class='ocrx_word' id='word_1_54' title='bbox 624 603 746 644; x_wconf 78' lang='lat' dir='ltr'>nobis</span> <span class='ocrx_word' id='word_1_55' title='bbox 780 603 945 644; x_wconf 76' lang='lat' dir='ltr'><em>externi</em></span> <span class='ocrx_word' id='word_1_56' title='bbox 982 603 1099 644; x_wconf 74' lang='lat' dir='ltr'>sint:</span> <span class='ocrx_word' id='word_1_57' title='bbox 1133 617 1218 644; x_wconf 86' lang='lat' dir='ltr'>non</span> <span class='ocrx_word' id='word_1_58' title='bbox 1250 604 1364 645; x_wconf 74' lang='lat' dir='ltr'>inter</span> <span class='ocrx_word' id='word_1_59' title='bbox 1399 618 1475 646; x_wconf 78' lang='lat' dir='ltr'>nos</span> <span class='ocrx_word' id='word_1_60' title='bbox 1512 611 1640 659; x_wconf 79' lang='lat' dir='ltr'>atque</span> 
     </span>
     <span class='ocr_line' id='line_1_8' title="bbox 171 669 712 725; baseline -0.007 -13"><span class='ocrx_word' id='word_1_61' title='bbox 171 685 240 712; x_wconf 81' lang='lat' dir='ltr'>eos</span> <span class='ocrx_word' id='word_1_62' title='bbox 266 669 588 725; x_wconf 75' lang='lat' dir='ltr'><em>postliminium</em></span> <span class='ocrx_word' id='word_1_63' title='bbox 617 682 712 709; x_wconf 77' lang='lat' dir='ltr'>esse.</span> 
     </span>
    </p>

    <p class='ocr_par' dir='ltr' id='par_1_3' title="bbox 164 732 1644 1721">
     <span class='ocr_line' id='line_1_9' title="bbox 272 732 1641 792; baseline 0.001 -16"><span class='ocrx_word' id='word_1_64' title='bbox 272 737 300 776; x_wconf 87' lang='lat'><strong>3</strong></span> <span class='ocrx_word' id='word_1_65' title='bbox 345 736 438 791; x_wconf 84' lang='lat' dir='ltr'>Ego</span> <span class='ocrx_word' id='word_1_66' title='bbox 474 733 655 775; x_wconf 87' lang='lat' dir='ltr'>arbitror</span> <span class='ocrx_word' id='word_1_67' title='bbox 691 732 1026 790; x_wconf 86' lang='lat' dir='ltr'>distinguendum</span> <span class='ocrx_word' id='word_1_68' title='bbox 1062 733 1172 776; x_wconf 86' lang='lat' dir='ltr'>inter</span> <span class='ocrx_word' id='word_1_69' title='bbox 1205 734 1361 783; x_wconf 88' lang='lat' dir='ltr'>federa,</span> <span class='ocrx_word' id='word_1_70' title='bbox 1400 740 1447 778; x_wconf 91' lang='lat' dir='ltr'>ut</span> <span class='ocrx_word' id='word_1_71' title='bbox 1484 735 1518 777; x_wconf 91' lang='lat' dir='ltr'>si</span> <span class='ocrx_word' id='word_1_72' title='bbox 1559 750 1641 792; x_wconf 88' lang='lat' dir='ltr'>qua</span> 
     </span>
     <span class='ocr_line' id='line_1_10' title="bbox 172 798 1642 856; baseline 0.001 -13"><span class='ocrx_word' id='word_1_73' title='bbox 172 806 308 844; x_wconf 89' lang='lat' dir='ltr'>essent</span> <span class='ocrx_word' id='word_1_74' title='bbox 344 814 437 856; x_wconf 75' lang='lat' dir='ltr'>quae</span> <span class='ocrx_word' id='word_1_75' title='bbox 475 798 571 841; x_wconf 92' lang='lat' dir='ltr'>belli</span> <span class='ocrx_word' id='word_1_76' title='bbox 606 799 812 841; x_wconf 84' lang='lat' dir='ltr'>duntaxat</span> <span class='ocrx_word' id='word_1_77' title='bbox 850 799 1002 855; x_wconf 83' lang='lat' dir='ltr'>publici</span> <span class='ocrx_word' id='word_1_78' title='bbox 1043 801 1313 856; x_wconf 87' lang='lat' dir='ltr'>componendi</span> <span class='ocrx_word' id='word_1_79' title='bbox 1351 807 1423 844; x_wconf 87' lang='lat' dir='ltr'>aut</span> <span class='ocrx_word' id='word_1_80' title='bbox 1467 802 1642 844; x_wconf 87' lang='lat' dir='ltr'>cavendi</span> 
     </span>
     <span class='ocr_line' id='line_1_11' title="bbox 172 865 1642 923; baseline -0.001 -13"><span class='ocrx_word' id='word_1_81' title='bbox 172 882 295 910; x_wconf 86' lang='lat' dir='ltr'>causa</span> <span class='ocrx_word' id='word_1_82' title='bbox 319 871 455 909; x_wconf 88' lang='lat' dir='ltr'>essent</span> <span class='ocrx_word' id='word_1_83' title='bbox 485 865 600 915; x_wconf 88' lang='lat' dir='ltr'>inita,</span> <span class='ocrx_word' id='word_1_84' title='bbox 626 880 676 907; x_wconf 89' lang='lat' dir='ltr'>ea</span> <span class='ocrx_word' id='word_1_85' title='bbox 708 880 783 907; x_wconf 90' lang='lat' dir='ltr'>nec</span> <span class='ocrx_word' id='word_1_86' title='bbox 814 865 1045 921; x_wconf 80' lang='lat' dir='ltr'>captivitati</span> <span class='ocrx_word' id='word_1_87' title='bbox 1075 865 1117 906; x_wconf 92' lang='lat' dir='ltr'>in</span> <span class='ocrx_word' id='word_1_88' title='bbox 1153 872 1377 922; x_wconf 87' lang='lat' dir='ltr'>posterum,</span> <span class='ocrx_word' id='word_1_89' title='bbox 1402 882 1477 909; x_wconf 89' lang='lat' dir='ltr'>nec</span> <span class='ocrx_word' id='word_1_90' title='bbox 1501 868 1642 923; x_wconf 87' lang='lat' dir='ltr'>postli-</span> 
     </span>
     <span class='ocr_line' id='line_1_12' title="bbox 172 931 1641 990; baseline -0.001 -14"><span class='ocrx_word' id='word_1_91' title='bbox 172 934 295 976; x_wconf 89' lang='lat' dir='ltr'>minio</span> <span class='ocrx_word' id='word_1_92' title='bbox 315 934 553 976; x_wconf 71' lang='lat' dir='ltr'>obstarent:</span> <span class='ocrx_word' id='word_1_93' title='bbox 578 937 622 974; x_wconf 89' lang='lat' dir='ltr'>at</span> <span class='ocrx_word' id='word_1_94' title='bbox 640 931 673 973; x_wconf 88' lang='lat' dir='ltr'>si</span> <span class='ocrx_word' id='word_1_95' title='bbox 695 946 778 987; x_wconf 90' lang='lat' dir='ltr'>qua</span> <span class='ocrx_word' id='word_1_96' title='bbox 801 931 843 973; x_wconf 89' lang='lat' dir='ltr'>id</span> <span class='ocrx_word' id='word_1_97' title='bbox 867 931 1126 974; x_wconf 89' lang='lat' dir='ltr'>continerent</span> <span class='ocrx_word' id='word_1_98' title='bbox 1147 938 1194 974; x_wconf 92' lang='lat' dir='ltr'>ut</span> <span class='ocrx_word' id='word_1_99' title='bbox 1217 933 1297 975; x_wconf 89' lang='lat' dir='ltr'>tuti</span> <span class='ocrx_word' id='word_1_100' title='bbox 1320 939 1456 976; x_wconf 84' lang='lat' dir='ltr'>essent</span> <span class='ocrx_word' id='word_1_101' title='bbox 1478 933 1641 990; x_wconf 89' lang='lat' dir='ltr'>publico</span> 
     </span>
     <span class='ocr_line' id='line_1_13' title="bbox 172 997 1642 1056; baseline 0 -14"><span class='ocrx_word' id='word_1_102' title='bbox 172 1000 348 1049; x_wconf 90' lang='lat' dir='ltr'>nomine,</span> <span class='ocrx_word' id='word_1_103' title='bbox 374 999 444 1056; x_wconf 87' lang='lat' dir='ltr'>qui</span> <span class='ocrx_word' id='word_1_104' title='bbox 467 999 520 1041; x_wconf 89' lang='lat' dir='ltr'>ab</span> <span class='ocrx_word' id='word_1_105' title='bbox 544 998 608 1040; x_wconf 87' lang='lat' dir='ltr'>his</span> <span class='ocrx_word' id='word_1_106' title='bbox 635 998 689 1040; x_wconf 87' lang='lat' dir='ltr'>ad</span> <span class='ocrx_word' id='word_1_107' title='bbox 720 997 811 1040; x_wconf 88' lang='lat' dir='ltr'>illos</span> <span class='ocrx_word' id='word_1_108' title='bbox 842 997 1064 1048; x_wconf 88' lang='lat' dir='ltr'>venissent,</span> <span class='ocrx_word' id='word_1_109' title='bbox 1088 1004 1135 1041; x_wconf 89' lang='lat' dir='ltr'>ut</span> <span class='ocrx_word' id='word_1_110' title='bbox 1163 1004 1262 1041; x_wconf 87' lang='lat' dir='ltr'>tunc</span> <span class='ocrx_word' id='word_1_111' title='bbox 1286 999 1525 1056; x_wconf 85' lang='lat' dir='ltr'>captivitate</span> <span class='ocrx_word' id='word_1_112' title='bbox 1547 1001 1642 1042; x_wconf 85' lang='lat' dir='ltr'>sub-</span> 
     </span>
     <span class='ocr_line' id='line_1_14' title="bbox 172 1064 1643 1121; baseline 0.001 -13"><span class='ocrx_word' id='word_1_113' title='bbox 172 1067 258 1108; x_wconf 85' lang='lat' dir='ltr'>lata</span> <span class='ocrx_word' id='word_1_114' title='bbox 282 1071 463 1108; x_wconf 84' lang='lat' dir='ltr'>cessaret</span> <span class='ocrx_word' id='word_1_115' title='bbox 497 1070 539 1107; x_wconf 90' lang='lat' dir='ltr'>et</span> <span class='ocrx_word' id='word_1_116' title='bbox 563 1064 871 1121; x_wconf 88' lang='lat' dir='ltr'>postliminium.</span> <span class='ocrx_word' id='word_1_117' title='bbox 936 1065 993 1106; x_wconf 90' lang='lat' dir='ltr'>Et</span> <span class='ocrx_word' id='word_1_118' title='bbox 1018 1065 1097 1107; x_wconf 92' lang='lat' dir='ltr'>hoc</span> <span class='ocrx_word' id='word_1_119' title='bbox 1128 1064 1229 1107; x_wconf 87' lang='lat' dir='ltr'>mihi</span> <span class='ocrx_word' id='word_1_120' title='bbox 1261 1066 1443 1108; x_wconf 86' lang='lat' dir='ltr'>indicare</span> <span class='ocrx_word' id='word_1_121' title='bbox 1477 1066 1643 1109; x_wconf 89' lang='lat' dir='ltr'>videtur</span> 
     </span>
     <span class='ocr_line' id='line_1_15' title="bbox 172 1131 1640 1189; baseline 0.001 -15"><span class='ocrx_word' id='word_1_122' title='bbox 172 1132 433 1188; x_wconf 80' lang='lat' dir='ltr'>PomponiuS,</span> <span class='ocrx_word' id='word_1_123' title='bbox 457 1146 548 1173; x_wconf 92' lang='lat' dir='ltr'>cum</span> <span class='ocrx_word' id='word_1_124' title='bbox 581 1131 662 1174; x_wconf 89' lang='lat' dir='ltr'>ait:</span> <span class='ocrx_word' id='word_1_125' title='bbox 699 1132 738 1173; x_wconf 79' lang='lat' dir='ltr'>si</span> <span class='ocrx_word' id='word_1_126' title='bbox 768 1147 864 1173; x_wconf 83' lang='lat' dir='ltr'>cum</span> <span class='ocrx_word' id='word_1_127' title='bbox 892 1140 1014 1186; x_wconf 69' lang='lat' dir='ltr'>yente</span> <span class='ocrx_word' id='word_1_128' title='bbox 1046 1133 1205 1188; x_wconf 74' lang='lat' dir='ltr'>aliqua</span> <span class='ocrx_word' id='word_1_129' title='bbox 1228 1147 1360 1189; x_wconf 79' lang='lat' dir='ltr'>neque</span> <span class='ocrx_word' id='word_1_130' title='bbox 1382 1135 1640 1184; x_wconf 76' lang='lat' dir='ltr'>amicitiam,</span> 
     </span>
     <span class='ocr_line' id='line_1_16' title="bbox 172 1199 1643 1255; baseline 0.001 -14"><span class='ocrx_word' id='word_1_131' title='bbox 172 1214 303 1255; x_wconf 79' lang='lat' dir='ltr'>neque</span> <span class='ocrx_word' id='word_1_132' title='bbox 326 1199 578 1254; x_wconf 74' lang='lat' dir='ltr'>hospitium,</span> <span class='ocrx_word' id='word_1_133' title='bbox 603 1212 735 1253; x_wconf 78' lang='lat' dir='ltr'>neque</span> <span class='ocrx_word' id='word_1_134' title='bbox 753 1199 890 1253; x_wconf 79' lang='lat' dir='ltr'>seclus</span> <span class='ocrx_word' id='word_1_135' title='bbox 923 1199 1132 1240; x_wconf 77' lang='lat' dir='ltr'>amicitice</span> <span class='ocrx_word' id='word_1_136' title='bbox 1156 1213 1293 1242; x_wconf 79' lang='lat' dir='ltr'>causa</span> <span class='ocrx_word' id='word_1_137' title='bbox 1314 1202 1494 1255; x_wconf 74' lang='lat' dir='ltr'>factum</span> <span class='ocrx_word' id='word_1_138' title='bbox 1517 1202 1643 1243; x_wconf 77' lang='lat' dir='ltr'>liabe-</span> 
     </span>
     <span class='ocr_line' id='line_1_17' title="bbox 172 1265 1644 1320; baseline 0.001 -13"><span class='ocrx_word' id='word_1_139' title='bbox 172 1281 285 1317; x_wconf 78' lang='lat' dir='ltr'>mus,</span> <span class='ocrx_word' id='word_1_140' title='bbox 309 1267 357 1307; x_wconf 77' lang='lat' dir='ltr'>hi</span> <span class='ocrx_word' id='word_1_141' title='bbox 379 1266 517 1307; x_wconf 75' lang='lat' dir='ltr'>hostes</span> <span class='ocrx_word' id='word_1_142' title='bbox 547 1265 720 1320; x_wconf 78' lang='lat' dir='ltr'>quidem</span> <span class='ocrx_word' id='word_1_143' title='bbox 748 1279 833 1306; x_wconf 86' lang='lat' dir='ltr'>non</span> <span class='ocrx_word' id='word_1_144' title='bbox 865 1272 965 1306; x_wconf 75' lang='lat' dir='ltr'>sunt</span> <span class='ocrx_word' id='word_1_145' title='bbox 982 1280 995 1305; x_wconf 92' lang='lat'>.·</span> <span class='ocrx_word' id='word_1_146' title='bbox 1028 1266 1140 1318; x_wconf 82' lang='lat' dir='ltr'>quocl</span> <span class='ocrx_word' id='word_1_147' title='bbox 1169 1273 1312 1308; x_wconf 79' lang='lat' dir='ltr'>autem</span> <span class='ocrx_word' id='word_1_148' title='bbox 1340 1281 1390 1308; x_wconf 71' lang='lat' dir='ltr'>ecc</span> <span class='ocrx_word' id='word_1_149' title='bbox 1413 1275 1557 1309; x_wconf 72' lang='lat' dir='ltr'>nostro</span> <span class='ocrx_word' id='word_1_150' title='bbox 1582 1269 1644 1309; x_wconf 78' lang='lat' dir='ltr'>ad</span> 
     </span>
     <span class='ocr_line' id='line_1_18' title="bbox 173 1331 1644 1389; baseline 0.001 -15"><span class='ocrx_word' id='word_1_151' title='bbox 173 1347 240 1374; x_wconf 82' lang='lat' dir='ltr'>eos</span> <span class='ocrx_word' id='word_1_152' title='bbox 259 1333 466 1388; x_wconf 75' lang='lat' dir='ltr'>pervenit,</span> <span class='ocrx_word' id='word_1_153' title='bbox 492 1331 668 1372; x_wconf 79' lang='lat' dir='ltr'>illorum</span> <span class='ocrx_word' id='word_1_154' title='bbox 688 1331 758 1385; x_wconf 75' lang='lat' dir='ltr'>fit,</span> <span class='ocrx_word' id='word_1_155' title='bbox 796 1338 835 1372; x_wconf 75' lang='lat' dir='ltr'>et</span> <span class='ocrx_word' id='word_1_156' title='bbox 866 1331 972 1373; x_wconf 79' lang='lat' dir='ltr'>liber</span> <span class='ocrx_word' id='word_1_157' title='bbox 1007 1332 1128 1373; x_wconf 82' lang='lat' dir='ltr'>homo</span> <span class='ocrx_word' id='word_1_158' title='bbox 1162 1340 1304 1375; x_wconf 76' lang='lat' dir='ltr'>noster</span> <span class='ocrx_word' id='word_1_159' title='bbox 1327 1335 1381 1374; x_wconf 81' lang='lat' dir='ltr'>ab</span> <span class='ocrx_word' id='word_1_160' title='bbox 1406 1335 1467 1376; x_wconf 77' lang='lat' dir='ltr'>eis</span> <span class='ocrx_word' id='word_1_161' title='bbox 1489 1342 1644 1389; x_wconf 78' lang='lat' dir='ltr'>captus</span> 
     </span>
     <span class='ocr_line' id='line_1_19' title="bbox 172 1398 1644 1456; baseline 0.001 -16"><span class='ocrx_word' id='word_1_162' title='bbox 172 1414 319 1441; x_wconf 77' lang='lat' dir='ltr'>servus</span> <span class='ocrx_word' id='word_1_163' title='bbox 332 1400 387 1453; x_wconf 75' lang='lat' dir='ltr'>fit</span> <span class='ocrx_word' id='word_1_164' title='bbox 411 1406 450 1440; x_wconf 77' lang='lat' dir='ltr'>et</span> <span class='ocrx_word' id='word_1_165' title='bbox 480 1412 651 1439; x_wconf 79' lang='lat' dir='ltr'>eorum:</span> <span class='ocrx_word' id='word_1_166' title='bbox 687 1398 880 1450; x_wconf 80' lang='lat' dir='ltr'>idemque</span> <span class='ocrx_word' id='word_1_167' title='bbox 916 1405 977 1438; x_wconf 75' lang='lat' dir='ltr'>est</span> <span class='ocrx_word' id='word_1_168' title='bbox 1010 1399 1050 1439; x_wconf 76' lang='lat' dir='ltr'>si</span> <span class='ocrx_word' id='word_1_169' title='bbox 1080 1399 1135 1439; x_wconf 83' lang='lat' dir='ltr'>ab</span> <span class='ocrx_word' id='word_1_170' title='bbox 1163 1399 1256 1441; x_wconf 80' lang='lat' dir='ltr'>illis</span> <span class='ocrx_word' id='word_1_171' title='bbox 1287 1401 1346 1441; x_wconf 77' lang='lat' dir='ltr'>ad</span> <span class='ocrx_word' id='word_1_172' title='bbox 1368 1415 1445 1442; x_wconf 76' lang='lat' dir='ltr'>nos</span> <span class='ocrx_word' id='word_1_173' title='bbox 1468 1401 1644 1456; x_wconf 77' lang='lat' dir='ltr'>aliquid</span> 
     </span>
     <span class='ocr_line' id='line_1_20' title="bbox 164 1464 1641 1521; baseline 0.001 -14"><span class='ocrx_word' id='word_1_174' title='bbox 164 1466 427 1521; x_wconf 76' lang='lat' dir='ltr'>perveniat:</span> <span class='ocrx_word' id='word_1_175' title='bbox 462 1465 539 1506; x_wconf 79' lang='lat' dir='ltr'>hoc</span> <span class='ocrx_word' id='word_1_176' title='bbox 570 1478 732 1518; x_wconf 75' lang='lat' dir='ltr'>quoque</span> <span class='ocrx_word' id='word_1_177' title='bbox 765 1464 904 1518; x_wconf 73' lang='lat' dir='ltr'>iyitur</span> <span class='ocrx_word' id='word_1_178' title='bbox 926 1478 1031 1505; x_wconf 78' lang='lat' dir='ltr'>casu</span> <span class='ocrx_word' id='word_1_179' title='bbox 1046 1465 1369 1519; x_wconf 74' lang='lat' dir='ltr'>postliminium</span> <span class='ocrx_word' id='word_1_180' title='bbox 1391 1468 1544 1508; x_wconf 79' lang='lat' dir='ltr'>datum</span> <span class='ocrx_word' id='word_1_181' title='bbox 1568 1475 1641 1509; x_wconf 74' lang='lat' dir='ltr'>est.</span> 
     </span>
     <span class='ocr_line' id='line_1_21' title="bbox 175 1528 1643 1589; baseline 0.001 -16"><span class='ocrx_word' id='word_1_182' title='bbox 175 1531 281 1573; x_wconf 89' lang='lat' dir='ltr'>Cum</span> <span class='ocrx_word' id='word_1_183' title='bbox 320 1530 425 1573; x_wconf 79' lang='lat' dir='ltr'>dixit</span> <span class='ocrx_word' id='word_1_184' title='bbox 462 1529 581 1572; x_wconf 90' lang='lat' dir='ltr'>fedus</span> <span class='ocrx_word' id='word_1_185' title='bbox 616 1528 806 1571; x_wconf 86' lang='lat' dir='ltr'>amicitiae</span> <span class='ocrx_word' id='word_1_186' title='bbox 842 1544 976 1578; x_wconf 87' lang='lat' dir='ltr'>causa,</span> <span class='ocrx_word' id='word_1_187' title='bbox 1010 1530 1189 1572; x_wconf 87' lang='lat' dir='ltr'>ostendit</span> <span class='ocrx_word' id='word_1_188' title='bbox 1223 1537 1265 1573; x_wconf 90' lang='lat' dir='ltr'>et</span> <span class='ocrx_word' id='word_1_189' title='bbox 1298 1531 1380 1574; x_wconf 91' lang='lat' dir='ltr'>alia</span> <span class='ocrx_word' id='word_1_190' title='bbox 1408 1547 1496 1574; x_wconf 90' lang='lat' dir='ltr'>esse</span> <span class='ocrx_word' id='word_1_191' title='bbox 1523 1547 1643 1589; x_wconf 89' lang='lat' dir='ltr'>posse</span> 
     </span>
     <span class='ocr_line' id='line_1_22' title="bbox 172 1595 1643 1653; baseline 0.001 -14"><span class='ocrx_word' id='word_1_192' title='bbox 172 1597 328 1647; x_wconf 86' lang='lat' dir='ltr'>federa,</span> <span class='ocrx_word' id='word_1_193' title='bbox 362 1596 509 1653; x_wconf 87' lang='lat' dir='ltr'>quibus</span> <span class='ocrx_word' id='word_1_194' title='bbox 543 1610 619 1637; x_wconf 90' lang='lat' dir='ltr'>nec</span> <span class='ocrx_word' id='word_1_195' title='bbox 649 1595 817 1651; x_wconf 89' lang='lat' dir='ltr'>hospitii</span> <span class='ocrx_word' id='word_1_196' title='bbox 851 1610 926 1637; x_wconf 90' lang='lat' dir='ltr'>nec</span> <span class='ocrx_word' id='word_1_197' title='bbox 957 1595 1147 1638; x_wconf 74' lang='lat' dir='ltr'>amicitiae</span> <span class='ocrx_word' id='word_1_198' title='bbox 1172 1596 1241 1652; x_wconf 90' lang='lat' dir='ltr'>jus</span> <span class='ocrx_word' id='word_1_199' title='bbox 1272 1597 1379 1640; x_wconf 88' lang='lat' dir='ltr'>insit.</span> <span class='ocrx_word' id='word_1_200' title='bbox 1444 1599 1643 1641; x_wconf 89' lang='lat' dir='ltr'>Proculus</span> 
     </span>
     <span class='ocr_line' id='line_1_23' title="bbox 174 1661 1644 1721; baseline 0.001 -15"><span class='ocrx_word' id='word_1_201' title='bbox 174 1678 337 1720; x_wconf 89' lang='lat' dir='ltr'>quoque</span> <span class='ocrx_word' id='word_1_202' title='bbox 360 1678 429 1706; x_wconf 90' lang='lat' dir='ltr'>eos</span> <span class='ocrx_word' id='word_1_203' title='bbox 456 1678 482 1706; x_wconf 90' lang='lat' dir='ltr'>a</span> <span class='ocrx_word' id='word_1_204' title='bbox 512 1677 557 1705; x_wconf 89' lang='lat' dir='ltr'>se</span> <span class='ocrx_word' id='word_1_205' title='bbox 584 1662 756 1718; x_wconf 88' lang='lat' dir='ltr'>populos</span> <span class='ocrx_word' id='word_1_206' title='bbox 783 1661 995 1704; x_wconf 88' lang='lat' dir='ltr'>federatos</span> <span class='ocrx_word' id='word_1_207' title='bbox 1018 1662 1206 1721; x_wconf 82' lang='lat' dir='ltr'>intelligi,</span> <span class='ocrx_word' id='word_1_208' title='bbox 1233 1664 1303 1720; x_wconf 88' lang='lat' dir='ltr'>qui</span> <span class='ocrx_word' id='word_1_209' title='bbox 1326 1664 1547 1707; x_wconf 85' lang='lat' dir='ltr'>amicitiam</span> <span class='ocrx_word' id='word_1_210' title='bbox 1570 1671 1644 1708; x_wconf 87' lang='lat' dir='ltr'>aut</span> 
     </span>
    </p>
   </div>
   <div class='ocr_carea' id='block_1_3' title="bbox 657 1774 1222 1778">
    <p class='ocr_par' dir='ltr' id='par_1_4' title="bbox 657 1774 1222 1778">
     <span class='ocr_line' id='line_1_24' title="bbox 657 1774 1222 1778; baseline 0 0"><span class='ocrx_word' id='word_1_211' title='bbox 657 1774 1222 1778; x_wconf 95' lang='lat' dir='ltr'> </span> 
     </span>
    </p>
   </div>
   <div class='ocr_carea' id='block_1_4' title="bbox 174 1845 1647 2982">
    <p class='ocr_par' dir='ltr' id='par_1_5' title="bbox 174 1845 1646 2236">
     <span class='ocr_line' id='line_1_25' title="bbox 244 1845 1646 1895; baseline 0.002 -15"><span class='ocrx_word' id='word_1_212' title='bbox 244 1849 266 1880; x_wconf 88' lang='lat'>2</span> <span class='ocrx_word' id='word_1_213' title='bbox 308 1845 345 1880; x_wconf 92' lang='lat' dir='ltr'>It</span> <span class='ocrx_word' id='word_1_214' title='bbox 377 1856 535 1891; x_wconf 78' lang='lat' dir='ltr'>appears</span> <span class='ocrx_word' id='word_1_215' title='bbox 566 1845 747 1893; x_wconf 82' lang='lat' dir='ltr'>formerly</span> <span class='ocrx_word' id='word_1_216' title='bbox 775 1850 814 1882; x_wconf 86' lang='lat' dir='ltr'>to</span> <span class='ocrx_word' id='word_1_217' title='bbox 845 1846 940 1882; x_wconf 89' lang='lat' dir='ltr'>have</span> <span class='ocrx_word' id='word_1_218' title='bbox 977 1846 1073 1882; x_wconf 90' lang='lat' dir='ltr'>been</span> <span class='ocrx_word' id='word_1_219' title='bbox 1105 1859 1127 1882; x_wconf 89' lang='lat' dir='ltr'>a</span> <span class='ocrx_word' id='word_1_220' title='bbox 1157 1851 1295 1883; x_wconf 88' lang='lat' dir='ltr'>matter</span> <span class='ocrx_word' id='word_1_221' title='bbox 1331 1848 1374 1883; x_wconf 87' lang='lat' dir='ltr'>of</span> <span class='ocrx_word' id='word_1_222' title='bbox 1406 1852 1646 1895; x_wconf 83' lang='lat' dir='ltr'>controversy</span> 
     </span>
     <span class='ocr_line' id='line_1_26' title="bbox 177 1902 1646 1950; baseline 0.001 -12"><span class='ocrx_word' id='word_1_223' title='bbox 177 1903 342 1938; x_wconf 88' lang='lat' dir='ltr'>whether</span> <span class='ocrx_word' id='word_1_224' title='bbox 361 1902 468 1937; x_wconf 89' lang='lat' dir='ltr'>those</span> <span class='ocrx_word' id='word_1_225' title='bbox 488 1903 673 1939; x_wconf 87' lang='lat' dir='ltr'>members</span> <span class='ocrx_word' id='word_1_226' title='bbox 691 1904 734 1938; x_wconf 88' lang='lat' dir='ltr'>of</span> <span class='ocrx_word' id='word_1_227' title='bbox 751 1916 773 1938; x_wconf 87' lang='lat' dir='ltr'>a</span> <span class='ocrx_word' id='word_1_228' title='bbox 792 1905 938 1950; x_wconf 89' lang='lat' dir='ltr'>people,</span> <span class='ocrx_word' id='word_1_229' title='bbox 959 1905 1071 1939; x_wconf 88' lang='lat' dir='ltr'>allied</span> <span class='ocrx_word' id='word_1_230' title='bbox 1093 1909 1132 1939; x_wconf 89' lang='lat' dir='ltr'>to</span> <span class='ocrx_word' id='word_1_231' title='bbox 1150 1917 1203 1946; x_wconf 89' lang='lat' dir='ltr'>us,</span> <span class='ocrx_word' id='word_1_232' title='bbox 1215 1905 1296 1940; x_wconf 90' lang='lat' dir='ltr'>who</span> <span class='ocrx_word' id='word_1_233' title='bbox 1314 1917 1377 1940; x_wconf 86' lang='lat' dir='ltr'>are</span> <span class='ocrx_word' id='word_1_234' title='bbox 1391 1906 1509 1941; x_wconf 82' lang='lat' dir='ltr'>slaves</span> <span class='ocrx_word' id='word_1_235' title='bbox 1525 1907 1562 1940; x_wconf 91' lang='lat' dir='ltr'>in</span> <span class='ocrx_word' id='word_1_236' title='bbox 1577 1918 1646 1941; x_wconf 89' lang='lat' dir='ltr'>our</span> 
     </span>
     <span class='ocr_line' id='line_1_27' title="bbox 176 1959 1645 2008; baseline 0.002 -13"><span class='ocrx_word' id='word_1_237' title='bbox 176 1965 344 2006; x_wconf 83' lang='lat' dir='ltr'>country,</span> <span class='ocrx_word' id='word_1_238' title='bbox 370 1959 430 2000; x_wconf 86' lang='lat' dir='ltr'>do,</span> <span class='ocrx_word' id='word_1_239' title='bbox 460 1960 493 1994; x_wconf 87' lang='lat' dir='ltr'>if</span> <span class='ocrx_word' id='word_1_240' title='bbox 518 1960 608 2007; x_wconf 85' lang='lat' dir='ltr'>they</span> <span class='ocrx_word' id='word_1_241' title='bbox 639 1965 769 1996; x_wconf 85' lang='lat' dir='ltr'>return</span> <span class='ocrx_word' id='word_1_242' title='bbox 792 1961 914 2003; x_wconf 86' lang='lat' dir='ltr'>home,</span> <span class='ocrx_word' id='word_1_243' title='bbox 939 1966 1070 1996; x_wconf 89' lang='lat' dir='ltr'>return</span> <span class='ocrx_word' id='word_1_244' title='bbox 1098 1962 1147 2008; x_wconf 92' lang='lat' dir='ltr'>by</span> <span class='ocrx_word' id='word_1_245' title='bbox 1171 1963 1451 2008; x_wconf 87' lang='lat' dir='ltr'>postliminium.</span> <span class='ocrx_word' id='word_1_246' title='bbox 1504 1964 1580 1998; x_wconf 86' lang='lat' dir='ltr'>For</span> <span class='ocrx_word' id='word_1_247' title='bbox 1604 1975 1645 1998; x_wconf 87' lang='lat' dir='ltr'>so</span> 
     </span>
     <span class='ocr_line' id='line_1_28' title="bbox 176 2017 1645 2066; baseline 0.003 -14"><span class='ocrx_word' id='word_1_248' title='bbox 176 2018 306 2052; x_wconf 86' lang='lat' dir='ltr'>Cicero</span> <span class='ocrx_word' id='word_1_249' title='bbox 327 2027 504 2063; x_wconf 84' lang='lat' dir='ltr'>proposes</span> <span class='ocrx_word' id='word_1_250' title='bbox 525 2017 598 2053; x_wconf 89' lang='lat' dir='ltr'>this</span> <span class='ocrx_word' id='word_1_251' title='bbox 628 2019 822 2064; x_wconf 84' lang='lat' dir='ltr'>questi0n3</span> <span class='ocrx_word' id='word_1_252' title='bbox 848 2019 922 2053; x_wconf 87' lang='lat' dir='ltr'>and</span> <span class='ocrx_word' id='word_1_253' title='bbox 945 2019 1074 2054; x_wconf 85' lang='lat' dir='ltr'>Gallus</span> <span class='ocrx_word' id='word_1_254' title='bbox 1091 2020 1212 2054; x_wconf 89' lang='lat' dir='ltr'>AElius</span> <span class='ocrx_word' id='word_1_255' title='bbox 1234 2031 1327 2066; x_wconf 87' lang='lat' dir='ltr'>says,</span> <span class='ocrx_word' id='word_1_256' title='bbox 1349 2020 1432 2055; x_wconf 84' lang='lat' dir='ltr'>that</span> <span class='ocrx_word' id='word_1_257' title='bbox 1452 2020 1541 2055; x_wconf 89' lang='lat' dir='ltr'>with</span> <span class='ocrx_word' id='word_1_258' title='bbox 1565 2021 1645 2056; x_wconf 84' lang='lat' dir='ltr'>free</span> 
     </span>
     <span class='ocr_line' id='line_1_29' title="bbox 175 2074 1645 2123; baseline 0.002 -14"><span class='ocrx_word' id='word_1_259' title='bbox 175 2074 250 2109; x_wconf 86' lang='lat' dir='ltr'>and</span> <span class='ocrx_word' id='word_1_260' title='bbox 262 2074 351 2109; x_wconf 84' lang='lat' dir='ltr'>with</span> <span class='ocrx_word' id='word_1_261' title='bbox 372 2074 485 2109; x_wconf 86' lang='lat' dir='ltr'>allied</span> <span class='ocrx_word' id='word_1_262' title='bbox 505 2076 652 2121; x_wconf 89' lang='lat' dir='ltr'>people,</span> <span class='ocrx_word' id='word_1_263' title='bbox 672 2076 746 2110; x_wconf 87' lang='lat' dir='ltr'>and</span> <span class='ocrx_word' id='word_1_264' title='bbox 764 2076 853 2111; x_wconf 84' lang='lat' dir='ltr'>with</span> <span class='ocrx_word' id='word_1_265' title='bbox 873 2076 992 2122; x_wconf 86' lang='lat' dir='ltr'>kings,</span> <span class='ocrx_word' id='word_1_266' title='bbox 1010 2088 1064 2111; x_wconf 92' lang='lat' dir='ltr'>we</span> <span class='ocrx_word' id='word_1_267' title='bbox 1084 2076 1179 2112; x_wconf 88' lang='lat' dir='ltr'>have</span> <span class='ocrx_word' id='word_1_268' title='bbox 1196 2078 1475 2123; x_wconf 88' lang='lat' dir='ltr'>postliminium,</span> <span class='ocrx_word' id='word_1_269' title='bbox 1496 2089 1535 2113; x_wconf 87' lang='lat' dir='ltr'>as</span> <span class='ocrx_word' id='word_1_270' title='bbox 1555 2078 1645 2112; x_wconf 85' lang='lat' dir='ltr'>with</span> 
     </span>
     <span class='ocr_line' id='line_1_30' title="bbox 175 2130 1645 2182; baseline 0.003 -17"><span class='ocrx_word' id='word_1_271' title='bbox 175 2130 350 2166; x_wconf 87' lang='lat' dir='ltr'>enemies.</span> <span class='ocrx_word' id='word_1_272' title='bbox 402 2132 461 2166; x_wconf 91' lang='lat' dir='ltr'>On</span> <span class='ocrx_word' id='word_1_273' title='bbox 482 2132 547 2167; x_wconf 91' lang='lat' dir='ltr'>the</span> <span class='ocrx_word' id='word_1_274' title='bbox 564 2132 673 2167; x_wconf 84' lang='lat' dir='ltr'>other</span> <span class='ocrx_word' id='word_1_275' title='bbox 691 2133 803 2175; x_wconf 88' lang='lat' dir='ltr'>hand,</span> <span class='ocrx_word' id='word_1_276' title='bbox 824 2134 1006 2169; x_wconf 90' lang='lat' dir='ltr'>Proculus</span> <span class='ocrx_word' id='word_1_277' title='bbox 1023 2145 1117 2181; x_wconf 85' lang='lat' dir='ltr'>says,</span> <span class='ocrx_word' id='word_1_278' title='bbox 1144 2134 1226 2169; x_wconf 89' lang='lat' dir='ltr'>that</span> <span class='ocrx_word' id='word_1_279' title='bbox 1236 2136 1402 2180; x_wconf 71' lang='lat' dir='ltr'>fiderate</span> <span class='ocrx_word' id='word_1_280' title='bbox 1423 2136 1562 2182; x_wconf 80' lang='lat' dir='ltr'>peoples</span> <span class='ocrx_word' id='word_1_281' title='bbox 1582 2147 1645 2170; x_wconf 80' lang='lat' dir='ltr'>are</span> 
     </span>
     <span class='ocr_line' id='line_1_31' title="bbox 174 2190 1226 2236; baseline 0.002 -12"><span class='ocrx_word' id='word_1_282' title='bbox 174 2190 319 2231; x_wconf 67' lang='lat' dir='ltr'>merui,</span> <span class='ocrx_word' id='word_1_283' title='bbox 336 2190 412 2224; x_wconf 79' lang='lat' dir='ltr'>and</span> <span class='ocrx_word' id='word_1_284' title='bbox 428 2190 503 2224; x_wconf 76' lang='lat' dir='ltr'>that</span> <span class='ocrx_word' id='word_1_285' title='bbox 521 2190 611 2224; x_wconf 74' lang='lat' dir='ltr'>there</span> <span class='ocrx_word' id='word_1_286' title='bbox 627 2190 657 2225; x_wconf 84' lang='lat' dir='ltr'>is</span> <span class='ocrx_word' id='word_1_287' title='bbox 673 2197 734 2225; x_wconf 80' lang='lat' dir='ltr'>not</span> <span class='ocrx_word' id='word_1_288' title='bbox 746 2192 1009 2236; x_wconf 73' lang='lat' dir='ltr'>postliminium</span> <span class='ocrx_word' id='word_1_289' title='bbox 1025 2193 1109 2226; x_wconf 78' lang='lat' dir='ltr'>with</span> <span class='ocrx_word' id='word_1_290' title='bbox 1127 2193 1226 2227; x_wconf 79' lang='lat' dir='ltr'>them.</span> 
     </span>
    </p>

    <p class='ocr_par' dir='ltr' id='par_1_6' title="bbox 174 2247 1647 2982">
     <span class='ocr_line' id='line_1_32' title="bbox 245 2247 1645 2286; baseline 0.003 -5"><span class='ocrx_word' id='word_1_291' title='bbox 245 2251 266 2281; x_wconf 86' lang='lat'><strong>3</strong></span> <span class='ocrx_word' id='word_1_292' title='bbox 299 2247 317 2281; x_wconf 93' lang='grc' dir='ltr'>Ι</span> <span class='ocrx_word' id='word_1_293' title='bbox 342 2247 518 2282; x_wconf 87' lang='lat' dir='ltr'>conceive</span> <span class='ocrx_word' id='word_1_294' title='bbox 549 2247 631 2282; x_wconf 88' lang='lat' dir='ltr'>that</span> <span class='ocrx_word' id='word_1_295' title='bbox 659 2259 681 2281; x_wconf 88' lang='lat' dir='ltr'>a</span> <span class='ocrx_word' id='word_1_296' title='bbox 706 2248 921 2283; x_wconf 84' lang='lat' dir='ltr'>distinction</span> <span class='ocrx_word' id='word_1_297' title='bbox 946 2254 1046 2284; x_wconf 87' lang='lat' dir='ltr'>must</span> <span class='ocrx_word' id='word_1_298' title='bbox 1070 2249 1117 2284; x_wconf 91' lang='lat' dir='ltr'>be</span> <span class='ocrx_word' id='word_1_299' title='bbox 1147 2249 1261 2284; x_wconf 85' lang='lat' dir='ltr'>taken</span> <span class='ocrx_word' id='word_1_300' title='bbox 1281 2249 1450 2285; x_wconf 88' lang='lat' dir='ltr'>between</span> <span class='ocrx_word' id='word_1_301' title='bbox 1471 2250 1645 2286; x_wconf 87' lang='lat' dir='ltr'>different</span> 
     </span>
     <span class='ocr_line' id='line_1_33' title="bbox 175 2304 1643 2354; baseline 0.003 -16"><span class='ocrx_word' id='word_1_302' title='bbox 175 2304 325 2350; x_wconf 83' lang='lat' dir='ltr'>leagues</span> <span class='ocrx_word' id='word_1_303' title='bbox 349 2305 393 2339; x_wconf 84' lang='lat' dir='ltr'>of</span> <span class='ocrx_word' id='word_1_304' title='bbox 413 2304 581 2339; x_wconf 84' lang='lat' dir='ltr'>alliance.</span> <span class='ocrx_word' id='word_1_305' title='bbox 634 2305 673 2339; x_wconf 88' lang='lat' dir='ltr'>If</span> <span class='ocrx_word' id='word_1_306' title='bbox 696 2304 801 2340; x_wconf 85' lang='lat' dir='ltr'>these</span> <span class='ocrx_word' id='word_1_307' title='bbox 821 2317 916 2341; x_wconf 87' lang='lat' dir='ltr'>were</span> <span class='ocrx_word' id='word_1_308' title='bbox 933 2307 1086 2341; x_wconf 85' lang='lat' dir='ltr'>entered</span> <span class='ocrx_word' id='word_1_309' title='bbox 1109 2307 1188 2341; x_wconf 86' lang='lat' dir='ltr'>into</span> <span class='ocrx_word' id='word_1_310' title='bbox 1209 2307 1350 2353; x_wconf 87' lang='lat' dir='ltr'>merely</span> <span class='ocrx_word' id='word_1_311' title='bbox 1377 2307 1437 2342; x_wconf 85' lang='lat' dir='ltr'>sor</span> <span class='ocrx_word' id='word_1_312' title='bbox 1463 2307 1529 2343; x_wconf 90' lang='lat' dir='ltr'>the</span> <span class='ocrx_word' id='word_1_313' title='bbox 1555 2320 1643 2354; x_wconf 83' lang='lat' dir='ltr'>pur-</span> 
     </span>
     <span class='ocr_line' id='line_1_34' title="bbox 174 2361 1645 2411; baseline 0.003 -15"><span class='ocrx_word' id='word_1_314' title='bbox 174 2373 265 2408; x_wconf 89' lang='lat' dir='ltr'>pose</span> <span class='ocrx_word' id='word_1_315' title='bbox 292 2361 335 2396; x_wconf 85' lang='lat' dir='ltr'>of</span> <span class='ocrx_word' id='word_1_316' title='bbox 358 2362 511 2407; x_wconf 83' lang='lat' dir='ltr'>settling</span> <span class='ocrx_word' id='word_1_317' title='bbox 537 2373 579 2397; x_wconf 91' lang='lat' dir='ltr'>or</span> <span class='ocrx_word' id='word_1_318' title='bbox 599 2363 820 2408; x_wconf 85' lang='lat' dir='ltr'>preventing</span> <span class='ocrx_word' id='word_1_319' title='bbox 837 2374 859 2397; x_wconf 88' lang='lat' dir='ltr'>a</span> <span class='ocrx_word' id='word_1_320' title='bbox 878 2363 1004 2409; x_wconf 89' lang='lat' dir='ltr'>public</span> <span class='ocrx_word' id='word_1_321' title='bbox 1026 2375 1111 2405; x_wconf 85' lang='lat' dir='ltr'>war,</span> <span class='ocrx_word' id='word_1_322' title='bbox 1133 2364 1238 2399; x_wconf 83' lang='lat' dir='ltr'>these</span> <span class='ocrx_word' id='word_1_323' title='bbox 1259 2365 1381 2399; x_wconf 91' lang='lat' dir='ltr'>would</span> <span class='ocrx_word' id='word_1_324' title='bbox 1402 2369 1468 2400; x_wconf 91' lang='lat' dir='ltr'>not</span> <span class='ocrx_word' id='word_1_325' title='bbox 1488 2369 1645 2411; x_wconf 87' lang='lat' dir='ltr'>prevent</span> 
     </span>
     <span class='ocr_line' id='line_1_35' title="bbox 176 2418 1644 2468; baseline 0.003 -16"><span class='ocrx_word' id='word_1_326' title='bbox 176 2418 296 2453; x_wconf 82' lang='lat' dir='ltr'>either</span> <span class='ocrx_word' id='word_1_327' title='bbox 317 2419 495 2465; x_wconf 85' lang='lat' dir='ltr'>eaptivity</span> <span class='ocrx_word' id='word_1_328' title='bbox 513 2430 555 2453; x_wconf 83' lang='lat'>01·</span> <span class='ocrx_word' id='word_1_329' title='bbox 572 2419 862 2465; x_wconf 86' lang='lat' dir='ltr'>postliminium:</span> <span class='ocrx_word' id='word_1_330' title='bbox 892 2420 959 2455; x_wconf 88' lang='lat' dir='ltr'>but</span> <span class='ocrx_word' id='word_1_331' title='bbox 986 2421 1019 2455; x_wconf 84' lang='lat' dir='ltr'>if</span> <span class='ocrx_word' id='word_1_332' title='bbox 1043 2421 1108 2456; x_wconf 82' lang='lat' dir='ltr'>the</span> <span class='ocrx_word' id='word_1_333' title='bbox 1133 2421 1282 2467; x_wconf 84' lang='lat' dir='ltr'>leagues</span> <span class='ocrx_word' id='word_1_334' title='bbox 1300 2423 1499 2456; x_wconf 88' lang='lat' dir='ltr'>contained</span> <span class='ocrx_word' id='word_1_335' title='bbox 1517 2434 1539 2456; x_wconf 87' lang='lat' dir='ltr'>a</span> <span class='ocrx_word' id='word_1_336' title='bbox 1559 2434 1644 2468; x_wconf 90' lang='lat' dir='ltr'>pro-</span> 
     </span>
     <span class='ocr_line' id='line_1_36' title="bbox 175 2476 1645 2524; baseline 0.003 -15"><span class='ocrx_word' id='word_1_337' title='bbox 175 2476 294 2510; x_wconf 82' lang='lat' dir='ltr'>vision</span> <span class='ocrx_word' id='word_1_338' title='bbox 315 2476 398 2510; x_wconf 84' lang='lat' dir='ltr'>that</span> <span class='ocrx_word' id='word_1_339' title='bbox 422 2476 529 2511; x_wconf 89' lang='lat' dir='ltr'>those</span> <span class='ocrx_word' id='word_1_340' title='bbox 549 2476 630 2511; x_wconf 89' lang='lat' dir='ltr'>who</span> <span class='ocrx_word' id='word_1_341' title='bbox 657 2487 761 2511; x_wconf 87' lang='lat' dir='ltr'>came</span> <span class='ocrx_word' id='word_1_342' title='bbox 785 2477 883 2511; x_wconf 84' lang='lat' dir='ltr'>from</span> <span class='ocrx_word' id='word_1_343' title='bbox 905 2488 976 2512; x_wconf 92' lang='lat' dir='ltr'>one</span> <span class='ocrx_word' id='word_1_344' title='bbox 1003 2483 1112 2524; x_wconf 83' lang='lat' dir='ltr'>party</span> <span class='ocrx_word' id='word_1_345' title='bbox 1140 2482 1179 2512; x_wconf 87' lang='lat' dir='ltr'>to</span> <span class='ocrx_word' id='word_1_346' title='bbox 1209 2478 1274 2513; x_wconf 86' lang='lat' dir='ltr'>the</span> <span class='ocrx_word' id='word_1_347' title='bbox 1301 2478 1409 2513; x_wconf 83' lang='lat' dir='ltr'>other</span> <span class='ocrx_word' id='word_1_348' title='bbox 1437 2479 1569 2513; x_wconf 87' lang='lat' dir='ltr'>should</span> <span class='ocrx_word' id='word_1_349' title='bbox 1597 2479 1645 2514; x_wconf 88' lang='lat' dir='ltr'>be</span> 
     </span>
     <span class='ocr_line' id='line_1_37' title="bbox 176 2532 1644 2581; baseline 0.003 -15"><span class='ocrx_word' id='word_1_350' title='bbox 176 2532 254 2567; x_wconf 86' lang='lat' dir='ltr'>safe</span> <span class='ocrx_word' id='word_1_351' title='bbox 279 2543 328 2567; x_wconf 90' lang='lat' dir='ltr'>on</span> <span class='ocrx_word' id='word_1_352' title='bbox 360 2533 425 2567; x_wconf 85' lang='lat' dir='ltr'>the</span> <span class='ocrx_word' id='word_1_353' title='bbox 449 2534 575 2578; x_wconf 90' lang='lat' dir='ltr'>public</span> <span class='ocrx_word' id='word_1_354' title='bbox 596 2534 769 2579; x_wconf 87' lang='lat' dir='ltr'>security,</span> <span class='ocrx_word' id='word_1_355' title='bbox 795 2533 897 2576; x_wconf 85' lang='lat' dir='ltr'>then,</span> <span class='ocrx_word' id='word_1_356' title='bbox 919 2536 1097 2581; x_wconf 86' lang='lat' dir='ltr'>captivity</span> <span class='ocrx_word' id='word_1_357' title='bbox 1117 2535 1230 2580; x_wconf 84' lang='lat' dir='ltr'>being</span> <span class='ocrx_word' id='word_1_358' title='bbox 1256 2535 1442 2576; x_wconf 87' lang='lat' dir='ltr'>removed,</span> <span class='ocrx_word' id='word_1_359' title='bbox 1463 2536 1644 2581; x_wconf 85' lang='lat' dir='ltr'>postlimi-</span> 
     </span>
     <span class='ocr_line' id='line_1_38' title="bbox 175 2590 1643 2638; baseline 0.003 -15"><span class='ocrx_word' id='word_1_360' title='bbox 175 2590 280 2623; x_wconf 88' lang='lat' dir='ltr'>nium</span> <span class='ocrx_word' id='word_1_361' title='bbox 301 2590 422 2624; x_wconf 88' lang='lat' dir='ltr'>would</span> <span class='ocrx_word' id='word_1_362' title='bbox 443 2601 548 2624; x_wconf 83' lang='lat' dir='ltr'>cease</span> <span class='ocrx_word' id='word_1_363' title='bbox 569 2590 657 2624; x_wconf 86' lang='lat' dir='ltr'>also.</span> <span class='ocrx_word' id='word_1_364' title='bbox 712 2591 762 2625; x_wconf 88' lang='lat' dir='ltr'>So</span> <span class='ocrx_word' id='word_1_365' title='bbox 783 2591 1033 2637; x_wconf 88' lang='lat' dir='ltr'>Pomponius:</span> <span class='ocrx_word' id='word_1_366' title='bbox 1066 2593 1115 2637; x_wconf 86' lang='lat' dir='ltr'>If</span> <span class='ocrx_word' id='word_1_367' title='bbox 1128 2604 1177 2627; x_wconf 80' lang='lat' dir='ltr'>we</span> <span class='ocrx_word' id='word_1_368' title='bbox 1195 2593 1289 2632; x_wconf 79' lang='lat' dir='ltr'>have,</span> <span class='ocrx_word' id='word_1_369' title='bbox 1312 2593 1396 2626; x_wconf 76' lang='lat' dir='ltr'>with</span> <span class='ocrx_word' id='word_1_370' title='bbox 1413 2604 1487 2638; x_wconf 71' lang='lat' dir='ltr'>any</span> <span class='ocrx_word' id='word_1_371' title='bbox 1506 2594 1643 2634; x_wconf 78' lang='lat' dir='ltr'>nation,</span> 
     </span>
     <span class='ocr_line' id='line_1_39' title="bbox 176 2647 1647 2696; baseline 0.003 -16"><span class='ocrx_word' id='word_1_372' title='bbox 176 2647 307 2681; x_wconf 74' lang='lat' dir='ltr'>neither</span> <span class='ocrx_word' id='word_1_373' title='bbox 325 2647 547 2692; x_wconf 70' lang='lat' dir='ltr'>flienclship,</span> <span class='ocrx_word' id='word_1_374' title='bbox 564 2647 777 2693; x_wconf 72' lang='lat' dir='ltr'>hospitality,</span> <span class='ocrx_word' id='word_1_375' title='bbox 795 2660 863 2682; x_wconf 79' lang='lat' dir='ltr'>nor</span> <span class='ocrx_word' id='word_1_376' title='bbox 883 2650 1002 2695; x_wconf 69' lang='lat' dir='ltr'>leagyue</span> <span class='ocrx_word' id='word_1_377' title='bbox 1019 2651 1064 2696; x_wconf 86' lang='lat' dir='ltr'>of</span> <span class='ocrx_word' id='word_1_378' title='bbox 1075 2650 1296 2694; x_wconf 67' lang='lat' dir='ltr'>fiiendslzip,</span> <span class='ocrx_word' id='word_1_379' title='bbox 1315 2650 1400 2683; x_wconf 78' lang='lat' dir='ltr'>these</span> <span class='ocrx_word' id='word_1_380' title='bbox 1416 2661 1478 2684; x_wconf 80' lang='lat' dir='ltr'>are</span> <span class='ocrx_word' id='word_1_381' title='bbox 1494 2656 1555 2684; x_wconf 81' lang='lat' dir='ltr'>not</span> <span class='ocrx_word' id='word_1_382' title='bbox 1571 2662 1647 2685; x_wconf 84' lang='lat' dir='ltr'>ene-</span> 
     </span>
     <span class='ocr_line' id='line_1_40' title="bbox 176 2704 1646 2755; baseline 0.003 -18"><span class='ocrx_word' id='word_1_383' title='bbox 176 2704 285 2742; x_wconf 81' lang='lat' dir='ltr'>mies;</span> <span class='ocrx_word' id='word_1_384' title='bbox 313 2705 373 2738; x_wconf 75' lang='lat' dir='ltr'>but</span> <span class='ocrx_word' id='word_1_385' title='bbox 394 2704 436 2749; x_wconf 76' lang='lat' dir='ltr'>²f</span> <span class='ocrx_word' id='word_1_386' title='bbox 457 2704 632 2749; x_wconf 70' lang='lat' dir='ltr'>anythz&#39;ng(</span> <span class='ocrx_word' id='word_1_387' title='bbox 652 2706 697 2751; x_wconf 87' lang='lat' dir='ltr'>of</span> <span class='ocrx_word' id='word_1_388' title='bbox 714 2716 798 2739; x_wconf 79' lang='lat' dir='ltr'>ours</span> <span class='ocrx_word' id='word_1_389' title='bbox 817 2717 894 2751; x_wconf 72' lang='lat' dir='ltr'>yoes</span> <span class='ocrx_word' id='word_1_390' title='bbox 915 2712 948 2740; x_wconf 83' lang='lat' dir='ltr'>to</span> <span class='ocrx_word' id='word_1_391' title='bbox 967 2707 1055 2740; x_wconf 79' lang='lat' dir='ltr'>them</span> <span class='ocrx_word' id='word_1_392' title='bbox 1076 2707 1103 2739; x_wconf 67' lang='lat' dir='ltr'>it,</span> <span class='ocrx_word' id='word_1_393' title='bbox 1121 2707 1266 2740; x_wconf 75' lang='lat' dir='ltr'>becomes</span> <span class='ocrx_word' id='word_1_394' title='bbox 1287 2706 1390 2740; x_wconf 74' lang='lat' dir='ltr'>theirs</span> <span class='ocrx_word' id='word_1_395' title='bbox 1402 2719 1416 2745; x_wconf 91' lang='lat'>‚·</span> <span class='ocrx_word' id='word_1_396' title='bbox 1442 2708 1518 2741; x_wconf 84' lang='lat' dir='ltr'>and</span> <span class='ocrx_word' id='word_1_397' title='bbox 1533 2719 1557 2741; x_wconf 88' lang='lat' dir='ltr'>a</span> <span class='ocrx_word' id='word_1_398' title='bbox 1563 2709 1646 2755; x_wconf 78' lang='lat' dir='ltr'>free</span> 
     </span>
     <span class='ocr_line' id='line_1_41' title="bbox 176 2762 1642 2808; baseline 0.004 -14"><span class='ocrx_word' id='word_1_399' title='bbox 176 2773 264 2795; x_wconf 86' lang='lat' dir='ltr'>man</span> <span class='ocrx_word' id='word_1_400' title='bbox 281 2762 328 2806; x_wconf 89' lang='lat' dir='ltr'>of</span> <span class='ocrx_word' id='word_1_401' title='bbox 341 2773 436 2800; x_wconf 84' lang='lat' dir='ltr'>ours,</span> <span class='ocrx_word' id='word_1_402' title='bbox 454 2762 557 2795; x_wconf 84' lang='lat' dir='ltr'>made</span> <span class='ocrx_word' id='word_1_403' title='bbox 577 2762 711 2806; x_wconf 76' lang='lat' dir='ltr'>captive</span> <span class='ocrx_word' id='word_1_404' title='bbox 728 2762 829 2802; x_wconf 77' lang='lat' dir='ltr'>there,</span> <span class='ocrx_word' id='word_1_405' title='bbox 847 2763 876 2796; x_wconf 84' lang='lat' dir='ltr'>is</span> <span class='ocrx_word' id='word_1_406' title='bbox 893 2763 981 2797; x_wconf 73' lang='lat' dir='ltr'>their</span> <span class='ocrx_word' id='word_1_407' title='bbox 1000 2763 1093 2796; x_wconf 80' lang='lat' dir='ltr'>slave</span> <span class='ocrx_word' id='word_1_408' title='bbox 1105 2776 1119 2801; x_wconf 89' lang='lat'>‚·</span> <span class='ocrx_word' id='word_1_409' title='bbox 1145 2764 1221 2797; x_wconf 82' lang='lat' dir='ltr'>and</span> <span class='ocrx_word' id='word_1_410' title='bbox 1243 2775 1279 2797; x_wconf 85' lang='lat' dir='ltr'>so</span> <span class='ocrx_word' id='word_1_411' title='bbox 1290 2764 1398 2808; x_wconf 78' lang='lat' dir='ltr'>from</span> <span class='ocrx_word' id='word_1_412' title='bbox 1421 2765 1510 2798; x_wconf 75' lang='lat' dir='ltr'>them</span> <span class='ocrx_word' id='word_1_413' title='bbox 1531 2771 1564 2799; x_wconf 78' lang='lat' dir='ltr'>to</span> <span class='ocrx_word' id='word_1_414' title='bbox 1589 2777 1642 2801; x_wconf 80' lang='lat' dir='ltr'>us.</span> 
     </span>
     <span class='ocr_line' id='line_1_42' title="bbox 176 2819 1645 2868; baseline 0.002 -15"><span class='ocrx_word' id='word_1_415' title='bbox 176 2819 224 2853; x_wconf 89' lang='lat' dir='ltr'>In</span> <span class='ocrx_word' id='word_1_416' title='bbox 238 2819 304 2853; x_wconf 72' lang='lat' dir='ltr'>this</span> <span class='ocrx_word' id='word_1_417' title='bbox 317 2830 403 2857; x_wconf 82' lang='lat' dir='ltr'>case,</span> <span class='ocrx_word' id='word_1_418' title='bbox 418 2819 508 2859; x_wconf 78' lang='lat' dir='ltr'>then,</span> <span class='ocrx_word' id='word_1_419' title='bbox 518 2819 776 2864; x_wconf 72' lang='lat' dir='ltr'>postliminium</span> <span class='ocrx_word' id='word_1_420' title='bbox 791 2819 902 2853; x_wconf 64' lang='lat' dir='ltr'>emists.</span> <span class='ocrx_word' id='word_1_421' title='bbox 935 2820 991 2864; x_wconf 81' lang='lat' dir='ltr'>By</span> <span class='ocrx_word' id='word_1_422' title='bbox 1004 2819 1133 2864; x_wconf 81' lang='lat' dir='ltr'>saying</span> <span class='ocrx_word' id='word_1_423' title='bbox 1146 2819 1195 2853; x_wconf 85' lang='lat' dir='ltr'>“a</span> <span class='ocrx_word' id='word_1_424' title='bbox 1208 2820 1340 2865; x_wconf 82' lang='lat' dir='ltr'>league</span> <span class='ocrx_word' id='word_1_425' title='bbox 1356 2820 1645 2868; x_wconf 86' lang='lat' dir='ltr'>offriendship,&#39;’</span> 
     </span>
     <span class='ocr_line' id='line_1_43' title="bbox 175 2875 1645 2925; baseline 0.004 -16"><span class='ocrx_word' id='word_1_426' title='bbox 175 2875 224 2910; x_wconf 88' lang='lat' dir='ltr'>he</span> <span class='ocrx_word' id='word_1_427' title='bbox 245 2875 361 2910; x_wconf 85' lang='lat' dir='ltr'>shews</span> <span class='ocrx_word' id='word_1_428' title='bbox 382 2875 464 2910; x_wconf 87' lang='lat' dir='ltr'>that</span> <span class='ocrx_word' id='word_1_429' title='bbox 485 2875 591 2910; x_wconf 84' lang='lat' dir='ltr'>there</span> <span class='ocrx_word' id='word_1_430' title='bbox 609 2887 694 2921; x_wconf 86' lang='lat' dir='ltr'>may</span> <span class='ocrx_word' id='word_1_431' title='bbox 710 2875 758 2910; x_wconf 88' lang='lat' dir='ltr'>be</span> <span class='ocrx_word' id='word_1_432' title='bbox 776 2875 885 2910; x_wconf 88' lang='lat' dir='ltr'>other</span> <span class='ocrx_word' id='word_1_433' title='bbox 897 2876 1058 2921; x_wconf 86' lang='lat' dir='ltr'>leagues,</span> <span class='ocrx_word' id='word_1_434' title='bbox 1072 2876 1190 2911; x_wconf 90' lang='lat' dir='ltr'>which</span> <span class='ocrx_word' id='word_1_435' title='bbox 1208 2876 1255 2911; x_wconf 88' lang='lat' dir='ltr'>do</span> <span class='ocrx_word' id='word_1_436' title='bbox 1276 2881 1343 2912; x_wconf 89' lang='lat' dir='ltr'>not</span> <span class='ocrx_word' id='word_1_437' title='bbox 1359 2878 1441 2923; x_wconf 84' lang='lat' dir='ltr'>give</span> <span class='ocrx_word' id='word_1_438' title='bbox 1459 2878 1524 2914; x_wconf 89' lang='lat' dir='ltr'>the</span> <span class='ocrx_word' id='word_1_439' title='bbox 1544 2880 1645 2925; x_wconf 83' lang='lat' dir='ltr'>right</span> 
     </span>
     <span class='ocr_line' id='line_1_44' title="bbox 177 2932 1645 2982; baseline 0.004 -15"><span class='ocrx_word' id='word_1_440' title='bbox 177 2933 220 2967; x_wconf 86' lang='lat' dir='ltr'>of</span> <span class='ocrx_word' id='word_1_441' title='bbox 237 2932 454 2979; x_wconf 89' lang='lat' dir='ltr'>hospitality</span> <span class='ocrx_word' id='word_1_442' title='bbox 475 2943 517 2967; x_wconf 90' lang='lat' dir='ltr'>or</span> <span class='ocrx_word' id='word_1_443' title='bbox 533 2932 752 2978; x_wconf 82' lang='lat' dir='ltr'>friendship.</span> <span class='ocrx_word' id='word_1_444' title='bbox 815 2933 865 2967; x_wconf 81' lang='lat' dir='ltr'>So</span> <span class='ocrx_word' id='word_1_445' title='bbox 887 2933 1069 2968; x_wconf 88' lang='lat' dir='ltr'>Proculus</span> <span class='ocrx_word' id='word_1_446' title='bbox 1090 2934 1310 2981; x_wconf 83' lang='lat' dir='ltr'>sufficiently</span> <span class='ocrx_word' id='word_1_447' title='bbox 1327 2935 1472 2982; x_wconf 90' lang='lat' dir='ltr'>implies</span> <span class='ocrx_word' id='word_1_448' title='bbox 1493 2936 1576 2972; x_wconf 88' lang='lat' dir='ltr'>that</span> <span class='ocrx_word' id='word_1_449' title='bbox 1596 2937 1645 2973; x_wconf 87' lang='lat' dir='ltr'>he</span> 
     </span>
    </p>
   </div>
   <div class='ocr_carea' id='block_1_5' title="bbox 1658 421 1826 478">
    <p class='ocr_par' dir='ltr' id='par_1_7' title="bbox 1658 421 1826 478">
     <span class='ocr_line' id='line_1_45' title="bbox 1659 421 1826 452; baseline 0.012 -7"><span class='ocrx_word' id='word_1_450' title='bbox 1659 422 1742 452; x_wconf 86' lang='lat' dir='ltr'>Apud</span> <span class='ocrx_word' id='word_1_451' title='bbox 1754 421 1826 447; x_wconf 78' lang='lat' dir='ltr'>Fest-</span> 
     </span>
     <span class='ocr_line' id='line_1_46' title="bbox 1658 454 1813 478; baseline 0 -1"><span class='ocrx_word' id='word_1_452' title='bbox 1658 459 1720 478; x_wconf 81' lang='lat' dir='ltr'>voce</span> <span class='ocrx_word' id='word_1_453' title='bbox 1732 454 1813 478; x_wconf 73' lang='lat' dir='ltr'>Pasa,</span> 
     </span>
    </p>
   </div>
   <div class='ocr_carea' id='block_1_6' title="bbox 1654 550 1860 674">
    <p class='ocr_par' dir='ltr' id='par_1_8' title="bbox 1654 550 1860 674">
     <span class='ocr_line' id='line_1_47' title="bbox 1660 550 1860 574; baseline 0 0"><span class='ocrx_word' id='word_1_454' title='bbox 1660 551 1691 574; x_wconf 92' lang='lat' dir='ltr'>L.</span> <span class='ocrx_word' id='word_1_455' title='bbox 1705 556 1761 574; x_wconf 83' lang='lat' dir='ltr'>non</span> <span class='ocrx_word' id='word_1_456' title='bbox 1773 550 1860 574; x_wconf 69' lang='lat' dir='ltr'>dubit.</span> 
     </span>
     <span class='ocr_line' id='line_1_48' title="bbox 1658 581 1834 612; baseline 0 -8"><span class='ocrx_word' id='word_1_457' title='bbox 1658 582 1681 608; x_wconf 93' lang='lat'>7.</span> <span class='ocrx_word' id='word_1_458' title='bbox 1693 581 1783 612; x_wconf 67' lang='lat' dir='ltr'>princ.</span> <span class='ocrx_word' id='word_1_459' title='bbox 1801 583 1834 605; x_wconf 76' lang='lat'>1).</span> 
     </span>
     <span class='ocr_line' id='line_1_49' title="bbox 1658 612 1836 642; baseline 0 -6"><span class='ocrx_word' id='word_1_460' title='bbox 1658 613 1691 636; x_wconf 82' lang='lat' dir='ltr'>de</span> <span class='ocrx_word' id='word_1_461' title='bbox 1702 612 1801 642; x_wconf 71' lang='lat' dir='ltr'>captiv.</span> <span class='ocrx_word' id='word_1_462' title='bbox 1811 613 1836 636; x_wconf 77' lang='lat' dir='ltr'>el</span> 
     </span>
     <span class='ocr_line' id='line_1_50' title="bbox 1654 643 1735 674; baseline -0.025 -6"><span class='ocrx_word' id='word_1_463' title='bbox 1654 643 1735 674; x_wconf 70' lang='lat' dir='ltr'>poste.</span> 
     </span>
    </p>
   </div>
   <div class='ocr_carea' id='block_1_7' title="bbox 1662 1143 1829 1205">
    <p class='ocr_par' dir='ltr' id='par_1_9' title="bbox 1662 1143 1829 1205">
     <span class='ocr_line' id='line_1_51' title="bbox 1662 1143 1819 1174; baseline -0.006 -7"><span class='ocrx_word' id='word_1_464' title='bbox 1662 1143 1695 1167; x_wconf 89' lang='lat' dir='ltr'>D.</span> <span class='ocrx_word' id='word_1_465' title='bbox 1710 1143 1727 1167; x_wconf 86' lang='grc' dir='ltr'>Ζ.</span> <span class='ocrx_word' id='word_1_466' title='bbox 1740 1144 1819 1174; x_wconf 69' lang='lat' dir='ltr'>posit.</span> 
     </span>
     <span class='ocr_line' id='line_1_52' title="bbox 1663 1174 1829 1205; baseline -0.006 -6"><span class='ocrx_word' id='word_1_467' title='bbox 1663 1174 1676 1205; x_wconf 68' lang='grc' dir='ltr'><strong>ξ</strong></span> <span class='ocrx_word' id='word_1_468' title='bbox 1688 1175 1718 1199; x_wconf 79' lang='lat' dir='ltr'>in</span> <span class='ocrx_word' id='word_1_469' title='bbox 1727 1181 1795 1205; x_wconf 78' lang='lat' dir='ltr'>pace</span> <span class='ocrx_word' id='word_1_470' title='bbox 1806 1175 1829 1198; x_wconf 83' lang='lat'>2.</span> 
     </span>
    </p>
   </div>
  </div>
 </body>
</html>
