1971 3326
334 164 417 204 234:
506 157 979 204 TEMPERAMENTUM
1010 167 1162 202 CIRCA
1191 167 1560 203 VASTATIONEM
1621 168 1806 212 [L1B.111.

338 277 494 340 ἥμερον
526 274 696 340 δένδρον
728 275 969 322 ἐκκόπτειν·
1005 293 1090 320 non
1114 279 1372 333 patiebatur
1402 287 1481 320 aut
1505 280 1689 329 domum,
1726 288 1810 322 aut

337 348 491 388 villam
522 347 658 395 dirui,
691 353 770 386 aut
801 345 999 386 arborem
1009 345 1286 399 fi⁴u9fferam
1309 345 1514 386 exscindi.
1585 346 1737 388 Exstat
1768 352 1811 388 et

118 426 186 480 {³33
201 425 255 479 4¹710,
267 423 320 451 471.
339 411 407 454 lex
436 411 621 454 Platonis
652 412 704 452 de
728 410 972 465 Republica
1008 409 1179 465 quinto:
1210 406 1328 462 μήτε
1361 412 1451 467 ’γῆν
1482 407 1661 462 τέμνειν,
1695 411 1811 464 μήτε

190 473 195 479 ’
236 474 242 479 ’
339 479 473 522 οὶκίαν
496 472 779 536 ἐμπιπράναι,
803 489 854 517 ne
874 483 994 517 terra
1017 482 1223 526 vastetur,
1248 491 1300 518 ne
1323 478 1474 518 domus
1494 478 1797 520 incendantur.

440 546 468 586 3
514 542 650 584 Multo
674 555 774 584 vero
801 541 933 598 magis
957 541 1034 583 hoc
1064 541 1197 584 locum
1227 541 1399 585 habebit
1422 547 1516 598 post
1545 542 1812 599 plenamvic-

124 630 195 661 Qffic-
209 628 225 652 a.
241 628 277 653 11.
337 609 503 654 toriam.
565 607 812 650 Corinthum
847 607 1023 650 excisam
1054 623 1138 649 non
1172 608 1323 665 probat
1355 608 1525 651 Cicero:
1567 608 1638 650 ubi
1672 614 1812 651 tamen

118 700 303 754 ἔῖἕὲἕηῧέηΐ
338 676 448 719 foede
470 674 640 718 tractati
664 679 786 716 erant
809 674 1094 716 Romanorum
1124 674 1279 732 legati:
1313 674 1505 730 idemque
1527 674 1626 717 alibi
1649 675 1813 717 horrifi-

119 768 142 785 ο.
157 761 196 784 23.
340 758 445 792 cum,
470 741 687 791 nefarium,
713 740 823 782 omni
843 740 1045 783 imbutum
1069 741 1162 783 odio
1193 740 1291 783 dicit
1314 741 1478 790 bellum,
1505 740 1614 797 quod
1646 741 1814 797 parieti-

119 826 179 851 Lib.
193 825 268 850 xxvi.
283 825 320 850 16.
340 810 429 859 bus,
454 808 585 859 tectis,
610 807 819 856 columnis,
845 806 1029 863 postibus
1052 806 1110 849 fit.
1175 807 1341 849 Laudat
1365 807 1507 849 Livius
1531 809 1813 849 Romanorum

339 876 551 918 lenitatem
576 874 684 917 victa
709 874 864 929 Capua,
897 873 1008 928 quod
1031 888 1114 914 non
1143 873 1332 916 saevitum
1361 873 1413 916 sit
1436 873 1634 915 incendiis
1666 873 1814 915 ruinis-

124 955 226 979 Troad-
241 960 266 978 v·
339 956 419 999 que
444 941 508 984 ein
530 946 643 984 tecta
665 939 833 981 innoxia
856 953 1089 995 murosque.
1145 940 1432 996 Agamemnon
1455 939 1568 996 apud
1591 939 1810 981 Senecam:

120 985 175 1015 286,
188 987 213 1010 et
223 991 294 1015 seqq.

626 1019 811 1065 Equidem
831 1018 980 1053 fatebor
1001 1017 1110 1063 (pace
1131 1019 1265 1054 dixisse
1284 1019 1356 1054 hoc
1377 1023 1443 1054 tua.

627 1077 765 1122 Argiva
785 1075 896 1110 tellus
917 1074 1046 1119 liceat)
1068 1077 1179 1122 affligi
1200 1076 1380 1123 Phrygas,

398 1180 412 1196 e
431 1174 472 1204 In
492 1175 571 1203 tecta
589 1171 721 1201 innoxia
738 1169 917 1209 murosque]
940 1170 1044 1209 Egre-

339 1226 393 1263 gia
413 1228 462 1254 est
483 1224 575 1262 hujus
597 1222 778 1260 argumenti
800 1221 935 1260 epistola
955 1221 1043 1250 Beli-

339 1275 413 1304 sarii
430 1274 474 1304 ad
493 1273 628 1302 Totilam
648 1273 733 1310 apud
749 1272 940 1310 Procopium
964 1272 1041 1301 Got-

337 1325 494 1355 Hzicorum
509 1332 561 1353 111.
585 1322 754 1360 πρότερον
775 1322 833 1359 μὲν
854 1320 964 1356 κάλλη
987 1323 1044 1350 οὐκ

341 1375 423 1405 ὄντα
442 1372 651 1412 ἐργάζεσθαι,
670 1371 852 1409 ἀνθρώπων
870 1371 909 1400 ἂν
928 1371 1045 1409 φρονί-

339 1437 409 1464 μων
427 1423 596 1463 εὑρήματα
619 1424 684 1452 effu
699 1422 751 1451 καὶ
768 1422 952 1450 πολιτικῶς
971 1422 1044 1458 βιο-

340 1475 450 1504 τεύειν
463 1472 706 1510 ἐπισταμένων.
721 1472 804 1501 ὅντα
820 1472 853 1500 δὲ
869 1470 1044 1509 ἀφανίζειν

339 1527 408 1555 τῶν
428 1536 468 1563 γε
489 1523 655 1562 ἀξυνέτων
673 1521 777 1558 εἰκών,
797 1521 850 1550 καὶ
871 1520 1044 1559 γνώρισμα

339 1576 444 1605 τοῦτο
459 1576 519 1609 τῆς
535 1574 646 1602 αὐτῶν
662 1572 793 1610 φύσεως
808 1573 865 1600 οὐκ
887 1572 1044 1609 αἰσχυνο-

339 1625 444 1663 μένων
473 1624 579 1663 χρόνῳ
607 1625 657 1661 τῷ
687 1622 815 1660 ὑστέρῳ
844 1621 1042 1651 ἀπολιπεῖν.

340 1674 448 1713 Ῥώμη
470 1674 529 1712 μέν
549 1685 601 1702 τοι
625 1672 760 1701 πόλεων
787 1671 941 1704 ἁπασῶν,
967 1670 1045 1699 ὅσαι

342 1725 398 1763 ὐφ’
419 1724 504 1762 ἡλίῳ
529 1722 740 1762 τυγχάνουσι
766 1722 874 1757 οὖσαι,
896 1720 1044 1759 μεγίστη

341 1787 381 1805 τε
403 1775 456 1804 καὶ
472 1772 731 1813 ἀξιολογωτάτη
756 1771 977 1809 ὡμολόγηται
999 1770 1045 1798 εἶ-

343 1838 406 1855 ναι.
428 1825 499 1854 οὐδὲ
516 1823 582 1862 γάρ
598 1823 713 1859 ἀνδρὸς
728 1821 796 1851 ἑνὸς
811 1821 915 1859 α’ρετῇ
932 1820 1047 1858 εἴργα-

343 1885 437 1910 σται,
459 1873 530 1902 οὐδὲ
552 1872 671 1910 χρόνου
690 1869 835 1909 βραχέος
852 1868 984 1905 δυνάμει
1002 1868 1046 1897 εἰς

342 1923 447 1952 τόσον
467 1921 624 1960 μεγέθους
645 1933 685 1950 τε
707 1921 761 1949 καὶ
782 1918 926 1948 κάλλους
942 1918 1045 1955 ἀφῖκ-

343 1984 413 2002 ται.
436 1971 530 2001 ἀλλά
551 1970 720 2008 βασιλέων
745 1969 803 2007 μὲν
825 1968 965 2003 πλῆθος,
992 1967 1046 1996 ‹iu-

345 2023 428 2059 δρῶν
456 2022 488 2050 δὲ
516 2020 666 2057 α’ρίστων
697 2018 873 2058 ξυμμορίαι
907 2016 1050 2053 πολλαὶ,

345 2072 465 2111 χρόνου
479 2083 519 2100 τε
538 2073 639 2108 μῆκος
654 2070 707 2099 καὶ
726 2069 877 2098 πλούτου
897 2067 1049 2106 ἐξουσίας

346 2120 528 2159 ὑπερβολὴ,
542 2120 628 2149 τάτε
643 2120 734 2149 ἄλλα
749 2118 864 2147 ’πάντα
882 2118 917 2146 ἐκ
935 2116 1048 2151 πάσης

345 2173 407 2206 τῆς
429 2173 502 2209 γῆς,
529 2170 582 2199 καὶ
604 2169 765 2208 τεχνίτας
786 2167 975 2205 ἀνθρώπους
998 2167 1048 2196 ε’ν-

348 2221 667 2259 ταῦθαξυναγαγεῖν
675 2219 828 2257 ἴσχυσαν·
838 2219 925 2246 οὕτω
939 2216 1048 2252 τετιῐν

346 2271 450 2300 πόλιν
474 2271 647 2304 τοιαύτην,
679 2269 815 2305 οἶανπὲρ
841 2267 931 2306 ὁρᾷς,
961 2267 1048 2297 κατά

346 2322 456 2360 βραχὺ
471 2319 718 2358 τεκτηνάμενοι,
732 2322 872 2356 μνημεῖα
888 2319 949 2352 τῆς
963 2317 1049 2346 ’πάν-

1113 1182 1182 1199 των
1195 1170 1317 1207 ἀρετῆς
1335 1174 1408 1200 τοῖς
1423 1170 1717 1209 ἐπιγενησομὲνοις
1731 1171 1815 1200 α’πέ-

1112 1220 1225 1249 λιπον.
1247 1220 1338 1249 ὥστε
1358 1219 1376 1255 ἠ
1401 1221 1446 1249 εἰς
1463 1221 1575 1250 ταῦτα
1597 1220 1748 1259 ἐπήρεια,
1771 1222 1815 1249 εἰ·

1114 1270 1220 1299 κότως
1242 1269 1283 1299 ἄν
1310 1270 1451 1307 α’ὃίκημα
1476 1270 1565 1308 μέγα
1589 1271 1634 1299 εἰς
1658 1272 1736 1300 τοὺς
1758 1270 1815 1299 άν-

1113 1319 1262 1357 θρώπους
1276 1320 1336 1348 τοῦ
1351 1320 1480 1349 παντὸς
1496 1320 1610 1349 αἰῶνος
1629 1319 1755 1358 δόξειεν
1771 1320 1817 1348 εἶ-

1114 1380 1179 1398 ναι.
1200 1369 1398 1406 ἀφαιρεῖται
1422 1369 1489 1407 γάρ
1512 1369 1589 1398 τοὺς
1610 1370 1669 1407 μὲν
1688 1369 1817 1407 πράγε-

1114 1418 1310 1456 ’γενημένους
1337 1419 1400 1454 την
1430 1421 1491 1454 τῆς
1525 1420 1646 1456 α’ρετῆς
1681 1419 1818 1457 μνήμην,

1113 1469 1190 1497 τοὺς
1209 1469 1242 1496 δὲ
1264 1469 1403 1505 ὕστερον
1426 1468 1725 1506 ἐπιγενησομένους
1749 1470 1818 1498 τῶν

1115 1517 1222 1555 ἔργων
1243 1518 1306 1553 τήν
1330 1518 1416 1548 θέαν.
1447 1518 1579 1547 τούτων
1598 1519 1631 1547 δὲ
1654 1519 1818 1548 τοιούτων

1114 1567 1232 1602 ὅντων,
1249 1568 1354 1597 ἐκεῖνο
1371 1568 1410 1596 σὺ
1427 1567 1505 1603 ἴσθι,
1524 1567 1566 1596 ὥς
1581 1568 1670 1596 δυοῖν
1684 1567 1815 1606 ἀνάγκη

1114 1618 1155 1647 τὸ
1177 1618 1293 1656 ἕτερον
1317 1619 1410 1654 εἶναι,
1432 1617 1451 1653 ἢ
1473 1617 1540 1656 γάρ
1564 1617 1735 1657 ἠσσηθήσῃ
1756 1619 1817 1648 τοῦ

1113 1668 1281 1705 βασιλέως
1296 1668 1329 1697 ἐν
1346 1668 1432 1706 τῷδε
1448 1669 1499 1706 τῷ
1513 1668 1616 1706 πόνῳ,
1633 1668 1651 1702 ἢ
1665 1668 1818 1707 περιέσῃ,

1113 1717 1153 1747 ἂν
1167 1718 1254 1746 οὕτω
1269 1718 1381 1755 τύχοι·
1402 1717 1440 1752 ἢν
1454 1718 1512 1755 μὲν
1527 1718 1581 1747 οὗν
1603 1718 1718 1757 νικώης
1736 1718 1817 1748 'Pto'-

1114 1778 1178 1804 μην
1206 1777 1248 1804 γε
1271 1766 1433 1802 καθελών,
1457 1768 1492 1795 οὺ
1515 1767 1578 1801 τήν
1603 1767 1716 1806 ἑτέρου
1744 1769 1817 1804 τοῦ,

1113 1816 1206 1845 α’λλά
1227 1815 1291 1850 τήν
1315 1817 1442 1846 σαυτοῦ
1464 1816 1689 1847 α’πολωλεκιός
1712 1817 1764 1853 ἂν,
1793 1818 1818 1847 ὦ

1114 1866 1291 1904 βέλτιστε,
1311 1866 1388 1902 εἴης.
1405 1866 1458 1896 καὶ
1472 1867 1695 1905 διαφυλάξας,
1710 1867 1825 1906 κτῆμά

1115 1930 1163 1951 τι,
1181 1917 1222 1946 αἷς
1236 1918 1277 1946 τὸ
1293 1917 1389 1954 εἰκὸς,
1401 1918 1470 1946 τῶν
1479 1916 1616 1947 πάντων
1631 1917 1819 1948 κάλλιστον

1115 1967 1332 2003 πλουτήσεις.
1362 1967 1399 2002 ἦν
1423 1967 1456 1996 δέ
1478 1978 1519 2006 γε
1547 1967 1610 2002 την
1634 1969 1734 2006 χείρω
1764 1979 1818 1998 σοι

1115 2017 1223 2055 τύχην
1252 2016 1454 2055 κληροῦσθαι
1483 2018 1640 2055 ξυμβαίη,
1669 2017 1819 2047 σώσαντι

1117 2067 1174 2104 μὲν
1202 2066 1338 2103 Ῥώμην,
1366 2066 1462 2105 χάρις
1486 2066 1527 2095 ἄν
1556 2066 1696 2104 σώζοιτο
1724 2067 1821 2106 ‘trapa'

1116 2117 1166 2155 τῷ
1181 2116 1364 2150 νενικηκότι
1378 2115 1503 2152 πολλή.
1527 2116 1760 2155 διαφθείραντι
1775 2117 1820 2153 δὲ,

1118 2166 1374 2204 φιλανθρωπίας
1395 2178 1435 2195 τε
1457 2167 1559 2196 οὐδεὶς
1582 2167 1633 2196 ἔτι
1655 2167 1820 2205 λείψεται

1116 2215 1230 2255 λόγος,
1248 2216 1301 2245 καὶ
1315 2216 1506 2254 προσέσται
1519 2217 1560 2245 τὸ
1574 2217 1672 2254 μηδὲν
1685 2217 1748 2246 τοῦ
1767 2216 1819 2254 ἕρ-

1116 2277 1178 2305 γου
1193 2265 1392 2296 ἀπόνασθαι.
1411 2265 1654 2303 καταλήψεται
1665 2265 1699 2295 δέ
1712 2278 1751 2295 σε
1765 2266 1820 2295 καὶ

1117 2316 1198 2355 δόξα
1222 2318 1284 2351 τῆς
1307 2315 1459 2354 πράξεως
1477 2315 1557 2353 α’ξία
1579 2316 1664 2351 πρὸς
1682 2314 1820 2345 πάντων

423 2491 444 2523 3
473 2486 589 2522 Much
605 2497 708 2521 more
726 2485 800 2519 will
816 2484 890 2519 this
906 2482 995 2518 hold
1015 2482 1114 2517 after
1131 2494 1154 2517 a
1174 2481 1359 2528 complete
1376 2481 1529 2526 victory.
1579 2479 1710 2514 Cicero
1727 2479 1819 2514 does

347 2548 414 2580 not
443 2555 607 2591 approve
638 2543 681 2578 of
708 2541 865 2578 Corinth
894 2541 1007 2586 being
1038 2540 1260 2586 destroyed3
1295 2539 1429 2580 where,
1460 2536 1724 2578 nevertheless,
1753 2536 1820 2572 the

347 2604 496 2637 Roman
513 2600 771 2636 ambassadors
799 2599 873 2633 had
895 2599 991 2633 been
1013 2597 1239 2643 shamefully
1259 2596 1417 2631 treated.
1468 2595 1549 2630 The
1574 2605 1675 2629 same
1695 2594 1821 2628 writer

349 2660 548 2695 elsewhere
564 2670 658 2705 says,
671 2657 754 2692 that
767 2668 788 2691 a
800 2668 874 2690 war
886 2655 996 2690 made
1014 2656 1158 2701 against
1171 2654 1283 2696 walls,
1296 2653 1409 2694 roofs,
1423 2653 1602 2694 columns,
1616 2651 1689 2686 and
1706 2655 1820 2696 postS,

348 2718 378 2752 is
392 2717 568 2758 horrible‚
580 2715 733 2757 wicked,
749 2714 822 2749 and
835 2713 980 2749 stained
994 2713 1082 2747 with
1095 2712 1144 2746 all
1157 2713 1265 2758 spite.
1288 2712 1381 2757 Livy
1392 2710 1532 2756 praises
1549 2709 1614 2744 the
1629 2709 1820 2753 clemency

351 2775 393 2809 of
409 2774 473 2809 the
496 2775 673 2815 Romans,
698 2772 806 2806 when
828 2772 956 2817 Capua
982 2782 1054 2805 was
1075 2770 1201 2810 taken,
1217 2769 1299 2804 that
1320 2768 1426 2803 there
1443 2778 1539 2802 were
1560 2777 1609 2801 no
1630 2765 1819 2801 severities

351 2831 553 2872 exercised,
568 2831 619 2877 by
640 2830 907 2875 conflagration
925 2828 999 2863 and
1019 2828 1114 2869 ruin,
1132 2827 1277 2872 against
1293 2825 1474 2860 harmiess
1495 2824 1594 2859 roofs
1611 2823 1686 2858 and
1703 2821 1816 2856 walls.

353 2888 403 2922 So
420 2887 689 2932 Agamemnon,
711 2888 749 2921 in
771 2888 926 2928 Seneca,
947 2885 1112 2920 declares
1128 2884 1176 2918 he
1197 2883 1336 2918 wished
1357 2883 1400 2917 of
1417 2883 1526 2928 Troy.

421 2948 442 2978 4
474 2944 554 2980 The
577 2945 715 2979 Sam-ed
733 2944 886 2990 History
906 2943 989 2979 tells
1011 2954 1053 2977 us
1075 2942 1118 2977 of
1134 2953 1236 2978 some
1253 2941 1368 2983 cities‚
1385 2938 1505 2974 which
1525 2948 1622 2973 were
1638 2937 1747 2983 given
1768 2946 1818 2981 up
