1971 3326
163 180 254 216 CAP.
275 180 400 225 XIV.]
461 181 933 218 TEMPERAMENTUM
965 182 1117 218 CIROA
1148 182 1354 218 OAPTOS.
1553 176 1632 216 261

160 292 440 350 Augustinus:
477 295 729 336 Domestica
753 309 850 348 pax
882 308 911 335 a
936 294 1072 348 justis
1094 295 1304 349 patribus
1335 295 1403 335 ita
1435 294 1537 335 olim
1563 295 1640 335 ad-

161 360 417 401 ministrata
450 367 522 408 est,
559 368 607 401 ut
632 361 868 402 seeundum
897 361 986 401 liceo
1015 361 1275 415 temporalia
1307 361 1417 402 bona
1445 360 1640 413 filiorum

161 434 317 468 sortem
335 441 364 466 a
387 440 602 467 servorum
626 427 871 468 conditione
895 427 1225 481 (listingyuerena
1247 428 1308 467 acl
1332 428 1474 468 Deum
1496 434 1639 468 autem

99 528 104 533 .
162 492 383 534 colendum
415 492 613 533 omnibus
641 493 793 533 domus
816 507 903 533 succ
930 493 1131 534 membris
1153 494 1265 547 pari
1289 493 1515 535 dilectione
1546 507 1640 534 con-

161 558 377 599 sulerent:
421 559 534 610 quocl
581 559 804 599 naturalis
846 559 950 599 orclo
991 559 1057 599 ita
1091 559 1356 613 proescribit,
1399 566 1448 600 ut
1491 573 1641 600 nomen

155 624 511 678 patrisfamilias
545 624 649 665 ltine
679 631 872 665 emortum
902 625 970 672 sit,
1004 632 1043 666 et
1074 632 1163 665 tam
1198 625 1283 667 late
1311 625 1551 679 vulyatum,
1587 631 1641 665 ut

162 690 314 744 inique
346 690 478 731 etiam
510 689 780 730 dominantes
815 690 893 730 hoc
922 703 965 730 se
989 691 1214 744 qaudeant
1247 691 1479 746 appellari.
1555 690 1641 738 Qui

163 763 307 797 autem
342 756 435 796 veri
465 754 823 809 patresfamilias
858 762 970 804 sunt,
1013 757 1210 797 omnibus
1246 757 1295 797 in
1316 757 1509 810 familia
1544 770 1638 804 sua,

165 828 379 876 tanquam
386 821 511 874 filiis,
532 821 593 861 ad
609 820 833 862 colendum
847 828 886 862 et
890 822 1227 876 promerendum
1241 822 1384 863 Deum
1400 822 1639 863 consulunt.

266 888 293 927 3
338 885 519 928 Similem
542 885 737 941 pietatem
761 885 804 927 in
828 900 926 928 voce
958 900 1193 942 puerorum,
1219 901 1302 943 qua
1323 901 1464 929 servos
1485 886 1638 943 signifi-

163 952 326 1002 cabant,
367 951 583 994 annotavit
621 950 792 994 Servius
828 952 904 994 ‘¹ad
941 952 1042 994 illud
1074 953 1283 995 Maronis:
1324 954 1515 995 claudite
1540 954 1638 1008 jam

164 1020 293 1067 rivos,
340 1020 496 1073 pueri;
544 1032 620 1059 nec
667 1017 862 1060 dissimile
908 1019 1018 1074 quod
1067 1019 1333 1061 Heracleotae
1377 1033 1520 1061 servos
1565 1033 1638 1061 suo

163 1083 465 1140 Mariandynos
502 1079 832 1144 ωδωροφόρους,
867 1083 910 1126 id
945 1090 1020 1134 est,
1053 1086 1322 1135 donatarios,
1359 1085 1639 1141 appellabant,

163 1148 452 1211 ἀφαιροῦντες
485 1147 540 1193 ‘sd
571 1150 725 1209 πικρὸν
755 1151 835 1202 τῆς
867 1152 1189 1210 προσηγορίας,
1217 1160 1448 1206 parcentes
1476 1152 1640 1193 acerbi-

166 1218 258 1276 tati.
273 1217 472 1265 nominis,
495 1222 542 1258 ut
564 1216 617 1257 ad
643 1215 966 1272 Aristophanem
991 1223 1110 1258 vetus
1140 1217 1346 1273 interpres
1376 1216 1638 1258 Callistratus

163 1283 348 1324 notabat.
420 1282 584 1324 Laudat
627 1282 855 1324 Germanos
894 1281 1071 1332 Tacitus,
1109 1282 1255 1338 quibus
1292 1282 1400 1325 servi
1440 1288 1636 1338 tanquam

163 1348 294 1391 coloni
328 1348 604 1390 habebantur.
675 1348 846 1390 Theano
885 1348 927 1389 in
966 1348 1160 1404 epistola:
1206 1344 1344 1392 δικαία
1377 1351 1536 1409 χρῆσις
1569 1347 1638 1391 ἵνα

163 1412 281 1467 μήτε
306 1409 371 1458 διοῖ
398 1413 474 1457 τὸν
494 1412 630 1457 κόπον
651 1410 856 1464 κάμνωσι,
882 1412 993 1467 μήτε
1010 1409 1250 1458 ἀδυνατῶσι
1271 1411 1339 1458 Sici
1357 1414 1440 1467 τήν
1463 1410 1637 1458 ἔνδειαν·

154 1483 302 1537 justus
325 1482 646 1536 mancipiorum
666 1481 737 1522 liic
760 1489 821 1522 est
838 1496 952 1530 usus,
978 1489 1027 1522 ut
1045 1495 1123 1523 nec
1138 1496 1237 1536 prce
1263 1482 1406 1523 labore
1424 1482 1639 1535 deficiant,

165 1562 244 1591 nec
262 1562 344 1602 per
367 1555 594 1602 eqestatem
619 1548 811 1602 impares
834 1549 925 1589 sint
936 1549 1133 1602 ferendo.

260 1614 338 1656 VI.
395 1615 419 1654 1
469 1613 551 1653 Pro
582 1627 709 1668 opera
733 1618 780 1654 ut
812 1612 989 1654 diximus
1022 1613 1248 1655 nalimenta
1271 1627 1392 1654 servo
1424 1612 1640 1655 debentur.

166 1681 330 1728 Servis,
363 1678 422 1721 ait
452 1678 609 1732 CicerO,
638 1693 722 1720 non
746 1679 858 1721 male
881 1682 1155 1735 prcecipiant
1179 1681 1256 1735 qui
1289 1681 1355 1720 ita
1379 1679 1535 1733 jubent
1558 1681 1639 1730 uti,

165 1794 312 1833 gustinus
337 1794 374 1824 de
395 1794 542 1823 DIoribus
561 1794 715 1824 Ecclesiae
739 1794 870 1824 Cathol-

166 1844 224 1874 ἐστε
238 1853 260 1873 Ι.
276 1846 326 1874 30.
372 1845 420 1873 Tu
442 1844 575 1872 dominis
597 1853 701 1874 servos
724 1853 784 1872 non
808 1847 872 1873 tam

167 1894 353 1923 conditionis
366 1893 544 1922 necessitate
555 1903 649 1931 quam
663 1893 760 1933 officii
772 1893 870 1922 delec-

167 1944 284 1973 tatione
311 1943 401 1972 doces
428 1942 596 1971 adlzcrrere.
657 1944 703 1972 Τιι
732 1943 871 1971 dominos

166 1993 274 2029 servis,
292 1993 402 2021 summi
418 1992 482 2021 Dei
496 1992 615 2022 scilicet
629 1993 796 2022 communis
815 1993 870 2021 do-

166 2042 244 2070 mini
268 2042 524 2078 consideratione,
552 2042 740 2080 placabiles,
772 2046 801 2071 et
828 2043 873 2072 acl

169 2091 384 2121 consulendum
403 2102 496 2129 quam
517 2092 561 2120 acl
577 2092 775 2121 coercendum
790 2101 869 2130 pro-

165 2142 326 2180 pensiores
338 2142 440 2179 jacis.
482 2141 577 2170 Adde
598 2142 755 2170 Isidorum
775 2142 871 2171 Pelu-

168 2192 280 2220 siotam
312 2192 384 2221 Lib.
416 2200 439 2220 1.
469 2191 604 2229 epistola
634 2192 703 2221 471.
746 2192 872 2230 Repete

169 2251 240 2280 quae
254 2242 348 2270 modo
363 2251 402 2270 ex
416 2241 524 2270 Prisco
539 2242 712 2280 posuimus.

229 2290 243 2307 4
263 2290 352 2320 Nihil
366 2290 430 2320 tale
450 2291 540 2320 video
563 2290 649 2328 apud
665 2290 818 2327 Servium,
839 2290 872 2318 in

937 1794 1021 1823 hunc
1046 1804 1182 1829 versum,
1208 1794 1262 1833 qui
1288 1797 1336 1823 est
1358 1795 1490 1824 ultimus
1511 1795 1643 1834 Eelogae

938 1853 990 1873 111.
1032 1844 1104 1873 Hoc
1131 1847 1257 1873 tantum
1285 1844 1360 1872 alibi
1390 1844 1486 1882 lego:
1530 1845 1643 1874 Utrum

937 1904 1010 1933 erqo
1033 1897 1121 1923 atate
1144 1903 1288 1930 PUEROS,
1313 1904 1355 1923 an
1379 1898 1412 1923 ut
1435 1895 1594 1924 ministros
1615 1898 1644 1926 et

927 1944 1117 1982 familiares
1140 1945 1273 1973 solemus
1291 1945 1490 1974 communiter
1507 1953 1643 1975 PUEROS

937 1992 1076 2023 vocare?
1118 1995 1157 2022 ln
1174 1994 1285 2032 Eelog.
1302 2002 1349 2024 v1.
1364 2003 1445 2023 vers.
1458 1996 1506 2023 14.
1548 1995 1584 2023 J.
1599 1995 1641 2024 B.

997 2050 1022 2065 m
1044 2042 1263 2081 Δωροφόρους
1281 2044 1500 2082 appellabant]
1522 2044 1644 2073 Athen-

937 2102 1002 2122 oens
1018 2101 1063 2121 VI.
1080 2094 1127 2121 18.

998 2146 1013 2161 n
1046 2141 1203 2171 Alimenta
1241 2151 1327 2171 seri-o
1356 2141 1518 2180 debentur]
1556 2143 1641 2172 Sira-

938 2191 1045 2220 chides
1070 2200 1202 2221 XXXIII.
1225 2193 1274 2221 25.
1302 2191 1405 2230 ἄρτος
1428 2192 1481 2221 καὶ
1506 2193 1642 2221 παιδεία

939 2241 993 2270 καὶ
1009 2240 1092 2279 ἔργα
1108 2241 1234 2280 οἰκέτῃ·
1256 2242 1362 2272 Panis
1382 2245 1410 2272 et
1427 2242 1598 2281 disciplina
1615 2246 1644 2272 et

938 2300 1035 2328 opera
1049 2300 1148 2320 servo.

168 2440 268 2475 been
293 2441 459 2483 faithful,
485 2441 581 2477 shall
608 2441 656 2476 be
686 2452 725 2476 as
758 2441 792 2475 if
814 2440 903 2487 they
930 2452 1027 2476 were
1052 2441 1224 2476 brothers
1253 2440 1296 2475 of
1321 2438 1565 2474 Telemachus
1586 2438 1643 2473 his

171 2508 251 2533 son.
293 2498 500 2532 Tertullian
521 2509 615 2544 says,
626 2500 771 2546 fathers
791 2499 913 2532 rather
930 2499 1017 2532 than
1033 2504 1191 2533 masters.
1234 2497 1385 2531 Jerome
1406 2507 1448 2530 or
1464 2495 1644 2529 Paulinus

173 2553 322 2588 exhorts
341 2554 511 2588 Celantia
530 2559 569 2589 to
590 2556 637 2589 be
657 2567 680 2590 a
699 2555 848 2589 mother
869 2555 996 2589 rather
1017 2555 1108 2589 than
1129 2566 1151 2589 a
1171 2555 1335 2589 mistress
1357 2553 1399 2587 of
1414 2552 1482 2587 her
1498 2552 1639 2598 family.

174 2611 224 2646 So
246 2611 453 2655 Augustine
474 2622 556 2656 says
577 2611 658 2646 that
678 2616 834 2646 masters
855 2611 943 2657 help
965 2612 1064 2646 their
1084 2615 1250 2646 servants
1271 2614 1310 2644 to
1328 2609 1487 2654 worship
1506 2609 1602 2643 God.

244 2670 265 2701 3
307 2667 428 2701 There
449 2668 478 2701 is
496 2678 518 2701 a
537 2667 678 2701 similar
696 2668 818 2702 lesson
840 2669 882 2703 of
900 2669 1003 2714 piety
1024 2669 1062 2701 in
1082 2668 1147 2702 the
1168 2667 1268 2701 word
1293 2678 1386 2711 puer
1406 2666 1464 2700 for
1487 2671 1641 2706 servant,

173 2735 212 2758 as
232 2724 380 2759 Servius
397 2727 514 2758 notes.
579 2724 628 2758 So
657 2723 721 2758 the
742 2725 981 2759 Heracleotes
1006 2724 1124 2758 called
1146 2723 1244 2758 their
1264 2723 1381 2757 slaves
1399 2723 1640 2768 yfft-bearers.

173 2781 324 2816 Tacitus
341 2781 479 2826 praises
497 2780 561 2815 the
580 2780 761 2815 Germans
778 2780 901 2815 whose
919 2783 1084 2815 servants
1104 2790 1200 2814 were
1220 2791 1259 2814 as
1276 2782 1436 2814 tenants.
1490 2779 1643 2813 Theano

173 2849 255 2884 says
273 2837 355 2872 that
376 2838 494 2872 slaves
516 2837 649 2872 should
670 2841 736 2872 not
757 2837 869 2871 suffer
889 2837 987 2871 from
1008 2837 1245 2871 over-labour
1265 2847 1308 2870 or
1327 2840 1436 2871 want.

243 2896 310 2930 VI.
360 2899 378 2929 1
411 2895 456 2929 In
476 2898 607 2930 return
626 2894 686 2929 for
706 2894 849 2936 labour,
867 2897 1086 2929 sustenance
1111 2893 1185 2928 and
1216 2893 1382 2939 clothing
1410 2904 1474 2928 are
1506 2893 1578 2928 due
1603 2896 1642 2928 to

172 2952 238 2987 the
256 2952 366 2988 slave.
421 2952 471 2987 So
490 2952 631 2995 Cicero,
652 2951 840 2994 ArIStotla
861 2951 965 2995 Cato,
982 2951 1135 2988 Seneca.
1188 2950 1268 2987 The
1284 2950 1372 2986 food
1390 2950 1544 2986 allowed
1570 2961 1643 2984 was

1659 303 1719 328 Lib.
1738 305 1794 328 xix.
1809 306 1842 329 dc

1662 336 1742 359 cvm.
1760 336 1819 364 ms,

1659 373 1679 391 c.
1698 367 1732 390 lo'.

1662 1301 1752 1324 Germ.
1763 1307 1784 1324 e.
1797 1300 1833 1324 25.

1656 1367 1712 1395 Ep.
1724 1366 1747 1389 3.
1762 1373 1786 1396 p.
1800 1366 1848 1392 746

1659 1398 1760 1425 Opnsc.
1773 1385 1859 1425 Mytti.

1659 1428 1740 1457 Phys.
1756 1428 1819 1452 Eth.

1661 1694 1702 1718 De
1714 1693 1782 1725 offic.
1794 1692 1811 1717 i.
1822 1693 1861 1718 13.
