1971 3326
120 197 211 236 CAP.
228 193 318 240 XL]
416 189 808 229 INTERFICIENDI
838 188 895 223 IN
924 184 1090 222 BELLO
1121 182 1295 220 JUSTO.
1510 174 1592 214 219

120 306 349 369 ἀγροίκους·
388 300 592 365 τοσαύτῃ
635 296 780 364 φειδοῖ
824 319 877 343 τε
918 296 986 342 καί
1025 295 1208 357 προνοίᾳ
1249 292 1431 354 ἐχρῆτο,
1475 289 1594 335 ὥστε

122 374 366 432 βιασθῆναι
396 370 474 422 μὲν
498 369 643 415 αὐτῶν
673 363 821 412 οὐδένα
851 362 1035 409 πώποτε
1069 361 1441 423 στρατηγοῦντος
1469 361 1593 401 Βελι-

123 441 277 502 σαρίου
314 435 574 499 τετύχηκον·
612 435 821 491 αῃιίὀοίἱε
860 434 929 474 ita
957 430 1187 486 parcebat,
1229 442 1283 469 ac
1318 433 1484 468 tantam
1510 439 1596 480 pro

123 510 218 551 illis
253 521 405 549 curam
438 505 625 561 9e2⁴ebat,
667 509 716 543 ut
751 515 795 543 eo
827 500 933 541 (luce
972 497 1086 539 nulli
1120 508 1312 551 ‘amquam
1352 506 1496 534 eorum
1531 491 1598 532 vis

124 576 258 617 illata
279 573 438 628 fuerit.

219 639 324 682 XII.
376 636 507 680 Addit
532 649 663 678 canon
693 636 956 679 mercatores,
987 628 1099 684 quod
1131 642 1214 670 non
1244 630 1407 669 tantum
1434 623 1486 665 de
1520 622 1596 672 his,

128 706 199 763 qui
221 703 515 762 temporariam
537 702 580 743 in
608 699 764 743 hostico
788 710 946 739 moram
978 696 1152 752 agitant,
1176 691 1489 749 intelligendum
1522 694 1598 738 est,

129 774 202 816 sed
237 778 279 815 et
313 771 366 814 de
400 767 573 813 subditis
607 763 844 823 perpetuis:
881 776 979 803 nam
1014 766 1056 803 et
1090 761 1238 801 horum
1269 758 1357 800 vita
1390 758 1444 799 ab
1475 755 1601 797 armis

130 840 264 882 aliena
292 842 380 880 est:
415 850 463 878 ac
487 834 562 877 sub
594 833 672 874 hoc
699 829 863 873 nomine
895 826 1158 870 continentur
1189 823 1309 867 simul
1339 823 1409 865 alii
1439 821 1602 878 opifices

131 912 175 948 et
196 904 386 954 artifices,
412 915 586 958 quorum
611 903 794 954 quaestus
817 908 959 952 pacem
980 898 1106 943 amat,
1130 905 1214 933 non
1237 889 1402 933 bellum.

233 971 359 1012 XIII.
419 970 442 1009 1
491 968 553 1010 Ut
582 966 637 1008 ad
661 978 729 1007 eos
753 961 979 1012 veniamus,
1013 959 1085 1015 qui
1114 972 1232 1001 arma
1255 959 1486 1014 gesserunt,
1517 952 1604 1009 jam

134 1042 232 1080 ante
263 1036 478 1078 retulimus
505 1033 659 1075 dictum
694 1027 852 1086 Pyrrhi
881 1027 993 1084 apud
1027 1026 1240 1074 Senecam,
1269 1021 1340 1078 qui
1370 1019 1504 1064 vetari
1531 1033 1606 1061 nos

133 1104 194 1145 ait
221 1102 393 1159 pudore,
426 1100 468 1142 id
493 1104 570 1148 est,
602 1095 711 1153 aequi
742 1098 947 1151 respectu,
977 1107 1030 1135 ne
1054 1097 1174 1148 capto
1208 1089 1336 1131 vitam
1365 1086 1605 1130 adimamus.

137 1168 319 1211 Similem
360 1164 595 1209 Alexandri
638 1160 885 1205 sententiam
925 1158 1150 1206 attulimus,
1183 1169 1277 1212 quae
1316 1168 1408 1196 cum
1448 1151 1609 1194 feminis

135 1233 348 1292 conjungit
371 1232 569 1288 captivos.
620 1228 808 1271 Accedat
830 1225 932 1267 illud
955 1222 1208 1282 Augustini:
1233 1223 1392 1264 hostem
1407 1233 1610 1275 pugynan-

138 1311 220 1345 tem
257 1300 508 1343 cneeessitas
544 1297 751 1352 perimat,
788 1307 873 1335 non
909 1292 1126 1334 voluntas.
1200 1289 1323 1331 Sicut
1357 1286 1537 1329 bellanti
1574 1292 1613 1326 et

136 1413 318 1452 λογισμοῦ,
333 1411 387 1442 καὶ
408 1412 470 1446 τῆς
490 1407 602 1448 χειρὸς
623 1406 723 1437 οἱονεὶ
746 1405 842 1444 μεθυ-

138 1465 247 1501 ούσης,
269 1461 320 1492 καὶ
345 1461 451 1499 λόγον
479 1461 537 1489 οὐκ
566 1458 706 1496 ἐχούσης
730 1467 843 1495 χειρα-

140 1514 255 1553 γωγὸν
270 1514 323 1543 καὶ
334 1512 497 1549 πρύτανιν
506 1511 574 1538 τῶν
583 1506 843 1546 πραττομένων·

139 1567 201 1601 τῆς
222 1564 248 1593 δ’
271 1564 375 1600 α’κμῆς
396 1562 465 1591 τῶν
487 1561 599 1589 δεινῶν
621 1556 846 1594 παυσαμένης,

140 1615 195 1644 καὶ
216 1613 329 1651 καιρὸν
348 1612 406 1646 ἤδη
430 1612 490 1645 τῆς
508 1606 732 1647 προαιρέσεως
754 1604 844 1638 εἱλη-

142 1664 242 1703 φυίας
257 1662 343 1701 μετοί
357 1659 507 1698 στάθμης
521 1657 613 1687 τινὸς
627 1656 679 1685 καὶ
696 1655 845 1692 κρίσεως,

141 1713 204 1743 τάς
225 1714 293 1742 τῶν
319 1711 477 1750 πράξεων
498 1705 605 1746 α’ρχιίς
626 1703 846 1742 παρελέσθαι.

142 1765 188 1802 τῇ
203 1764 300 1802 χειρὶ,
316 1759 498 1799 μοχθηρίαν
513 1756 643 1796 γνώμης
663 1756 849 1791 κατηγορεῖ

143 1813 206 1843 τοῦ
216 1811 418 1850 πράξαντος,
433 1808 462 1837 εἴ
476 1818 512 1836 τι
527 1805 570 1843 μή
583 1803 670 1833 κατιί
684 1803 726 1831 τὸ
737 1814 848 1839 προσ--

145 1866 225 1900 ἧκον
251 1862 396 1900 γίνοιτο·
428 1866 497 1896 quae
524 1856 557 1884 in
572 1853 697 1893 praeliis
717 1856 849 1890 actuque

147 1914 220 1944 belli
237 1913 347 1951 fiunt.-
371 1919 420 1945 ea,
442 1906 674 1946 qualiacunque
694 1905 774 1939 sunt,
786 1902 847 1941 fa-

147 1965 238 1994 cienti
259 1961 380 1991 reniam
400 1958 577 1996 impetrant,
596 1953 666 1982 ideo
686 1952 771 1990 quod
791 1951 850 1980 tali

147 2019 282 2053 tempore
308 2011 466 2041 obsidetur
492 2007 614 2036 animus
640 2004 729 2033 ebria
756 2011 851 2031 manu

148 2064 359 2099 rationemque
373 2068 433 2088 non
447 2057 575 2087 habente
590 2054 696 2083 ducem
712 2062 751 2081 ac
761 2061 850 2090 proe-

149 2114 245 2143 sz'dem
262 2111 429 2140 actionum.
469 2106 521 2142 At,
541 2105 594 2134 ubi
608 2102 762 2142 perieulis
778 2110 853 2130 suus

150 2161 297 2193 abscessit
317 2160 418 2198 viqor,
433 2156 487 2186 ubi
509 2158 625 2192 tempus
646 2155 756 2182 cuncta
776 2160 853 2180 επα-

150 2211 292 2243 minandi
306 2219 344 2240 ac
355 2205 527 2246 judicandi
546 2202 665 2240 accepit
687 2201 765 2230 liber
785 2199 855 2229 ani-

151 2273 229 2301 mus,
256 2260 370 2301 aqendz‘
393 2256 557 2296 imperium
584 2251 692 2283 manui
720 2250 855 2286 tradere,

909 1412 1043 1442 pravum
1088 1401 1221 1431 hominis
1252 1399 1451 1438 propositum
1484 1397 1615 1432 indicat,

911 1454 940 1483 si
954 1453 1032 1492 quid
1045 1452 1222 1481 indecorum
1241 1449 1382 1479 evenerit.
1423 1448 1517 1477 Adde
1532 1447 1617 1486 ejus-

913 1504 984 1533 dem
1003 1503 1157 1540 Gregorae
1173 1501 1279 1529 locum
1300 1499 1447 1535 alterum,
1468 1507 1562 1536 quem
1583 1497 1616 1525 in

913 1555 961 1583 his
978 1553 1061 1583 notis
1075 1552 1239 1591 posuimus
1258 1550 1298 1579 ad
1316 1549 1412 1578 finem
1432 1549 1546 1587 capitis
1564 1548 1617 1578 vii.

912 1604 986 1634 libri
1012 1602 1115 1641 hujus,
1140 1604 1172 1631 et
1199 1601 1238 1629 de
1263 1608 1351 1628 more
1379 1598 1530 1628 laudabili
1553 1598 1618 1627 Po-

913 1655 1060 1684 lonorum
1087 1649 1373 1688 Chalcocondylam
1401 1647 1456 1676 lib.
1479 1656 1514 1676 v.
1557 1647 1618 1676 Ju-

914 1704 1018 1733 lianus
1045 1701 1228 1731 laudatione
1256 1699 1395 1729 secunda
1428 1697 1619 1732 Constantii,

916 1755 974 1783 sub
990 1752 1079 1791 cujus
1095 1759 1231 1790 persona
1244 1750 1361 1778 bonum
1372 1747 1547 1787 principem
1563 1747 1618 1775 de-

916 1803 1044 1832 scribit:
1067 1799 1237 1839 κρατήσιις
1258 1798 1290 1828 δὲ
1312 1797 1399 1836 μετά
1420 1798 1488 1826 τῶν
1505 1796 1622 1826 ὅπλων

917 1852 1044 1881 ἔπαυσε
1066 1851 1108 1879 τὸ
1133 1849 1232 1887 ξίφος
1256 1850 1322 1877 τῶν
1345 1846 1467 1885 πόνων,
1491 1846 1622 1885 μίασμα

917 1901 1034 1939 κρίνων
1048 1899 1109 1929 τὸν
1124 1900 1181 1927 οὐκ
1192 1897 1392 1934 ἀμυνόμενον
1407 1895 1459 1925 ἔτι
1481 1895 1622 1924 κτείνειν

918 1952 973 1980 καὶ
988 1950 1149 1988 ἀναιρεῖν·
1171 1947 1270 1976 armis
1291 1946 1391 1975 victor
1403 1946 1502 1984 finem
1524 1946 1624 1983 impo-

918 2001 981 2030 suit
1007 1999 1111 2038 qladz'i
1138 1997 1292 2035 operibus,
1315 1996 1405 2034 nefas
1432 1996 1624 2031 existimans,

920 2050 1037 2080 homini
1061 2058 1122 2077 non
1149 2048 1236 2077 ultra
1262 2056 1294 2075 se
1321 2045 1494 2084 defendenti
1528 2045 1626 2074 vitam

920 2100 1067 2129 adimere.
1111 2097 1324 2136 [Legendum‚
1339 2096 1371 2124 in
1386 2096 1448 2124 isto
1463 2098 1625 2133 postremo

920 2150 1002 2186 Ioco,
1017 2158 1081 2177 non
1096 2147 1137 2177 τὸ
1160 2148 1259 2186 ξίφος
1279 2146 1348 2175 τῶν
1367 2144 1488 2181 πόνων,
1509 2145 1563 2173 sed
1584 2145 1627 2173 τὸ

922 2200 1023 2238 ξίφος
1046 2197 1168 2236 φόνων,
1183 2199 1220 2225 ut
1240 2196 1337 2224 habet
1358 2195 1466 2224 Editio
1488 2194 1628 2223 Illustris

924 2249 1134 2284 SPAnnnMu,
1152 2246 1243 2276 Orat.
1258 2254 1295 2275 11.
1311 2254 1386 2284 pag.
1402 2244 1441 2275 86
1457 2253 1487 2275 c.
1509 2244 1545 2273 J.
1560 2243 1619 2282 R]

227 2400 317 2436 XII.

381 2398 462 2433 The
492 2397 622 2432 Canon
647 2395 739 2430 adds
770 2392 997 2433 Merehants,
1022 2391 1142 2426 which
1172 2391 1202 2425 is
1233 2392 1273 2423 to
1305 2387 1353 2422 be
1383 2384 1625 2425 understood,

155 2463 223 2494 not
253 2457 341 2502 only
367 2455 411 2491 of
433 2455 540 2489 those
562 2454 644 2488 who
673 2452 783 2486 make
810 2462 833 2484 a
860 2454 1076 2496 temporary
1106 2447 1298 2482 residence
1329 2444 1367 2477 in
1396 2443 1461 2477 the
1491 2441 1627 2475 hostile

157 2518 327 2559 country,
338 2513 406 2547 but
423 2512 500 2547 also
523 2512 566 2546 of
581 2511 803 2557 permanent
820 2507 993 2551 subjects.
1043 2507 1118 2540 For
1137 2504 1236 2539 their
1256 2501 1321 2535 life
1339 2500 1416 2534 also
1434 2499 1463 2533 is
1480 2498 1628 2543 foreign

158 2576 198 2606 to
220 2581 329 2605 arms.
378 2568 463 2603 And
480 2568 600 2602 under
624 2566 697 2601 this
714 2576 824 2599 name
842 2575 905 2598 are
927 2562 1104 2599 included
1125 2560 1305 2600 Artisans,
1322 2556 1397 2591 and
1412 2554 1630 2595 Workmen,

159 2628 282 2663 whose
303 2626 391 2672 gain
411 2625 577 2669 requires
598 2633 724 2669 peace,
740 2625 807 2656 not
824 2632 908 2654 war.

233 2684 343 2719 XIII.
397 2686 415 2716 1
449 2682 503 2715 To
522 2691 627 2715 come
644 2683 683 2714 to
701 2678 808 2713 those
826 2677 906 2712 who
924 2676 1019 2711 have
1034 2675 1152 2710 borno
1170 2683 1280 2713 arms,
1297 2682 1350 2705 we
1367 2669 1462 2704 have
1479 2667 1633 2710 already

162 2740 302 2788 quoted
319 2740 385 2775 the
405 2738 540 2784 speech
558 2737 601 2772 of
616 2735 783 2782 Pyrrhus
811 2735 850 2768 in
878 2735 1033 2773 Seneca,
1055 2732 1138 2766 who
1164 2741 1246 2775 says
1271 2728 1354 2763 that
1380 2737 1434 2760 we
1463 2736 1526 2760 are
1546 2735 1633 2770 pre-

162 2798 315 2839 vented,
339 2797 490 2843 pudore,
509 2795 559 2841 by
589 2794 764 2838 decency,
790 2791 889 2825 from
915 2791 1066 2836 putting
1099 2799 1121 2821 a
1147 2786 1292 2832 captive
1322 2788 1362 2818 to
1389 2782 1516 2817 death.
1563 2781 1633 2815 We

165 2855 336 2891 adduces]
353 2866 376 2888 a
396 2853 535 2889 similar
553 2851 704 2897 opinion
727 2847 925 2894 expressed
947 2847 997 2892 by
1014 2844 1234 2883 Alexander,
1250 2841 1332 2876 who
1357 2840 1521 2885 conjoins
1548 2849 1634 2884 cap-

165 2914 260 2948 tives
292 2911 381 2946 with
412 2920 567 2945 women.
621 2907 690 2942 Wo
722 2917 808 2952 may
840 2904 914 2939 add
946 2902 1164 2948 Augustine,
1195 2898 1422 2945 Xenophon,
1446 2895 1635 2931 Diodorus

169 2969 325 3005 Siculus.

1625 1025 1688 1053 Can.
1704 1026 1742 1048 10.
1760 1024 1771 1054 {S
1786 1024 1808 1047 l.

1623 1058 1705 1087 hujus
1720 1057 1777 1080 Lib.

1628 1154 1707 1177 S'uor.
1725 1151 1736 1182 §
1752 1152 1787 1175 10.

1626 1191 1653 1208 n.
1665 1185 1686 1207 3.

1628 1222 1671 1246 Aa
1685 1220 1776 1249 Bonis?

1627 1253 1704 1283 epist.
1718 1254 1771 1274 κοῦ.
