1971 3326
204 194 287 234 412

206 314 336 346 Adonia
349 324 368 344 a
382 323 482 354 regno
498 313 720 343 exheredatus.
743 312 775 341 ii.
790 312 818 347 7,
833 311 872 340 25

204 367 392 405 Adoptatus
407 375 446 395 ex
460 364 644 404 conjectura
662 362 845 393 voluntaria
859 359 1009 390 succedit.

245 417 279 446 ii.
294 417 323 453 7,
336 417 365 453 8,
381 417 398 446 1

205 464 362 503 Adoptivi
384 472 449 492 non
474 462 649 492 succedunt
668 461 701 490 in
722 459 830 498 regnis
851 467 869 486 a
890 455 1011 496 populo

247 515 371 545 delatis.
394 515 425 544 ii.
441 515 469 551 7,
481 514 520 544 16

205 565 345 595 Adulter
367 567 400 594 et
424 564 570 593 adultera
592 561 632 590 ad
656 569 751 599 quam
775 556 1011 588 restitutionem

244 618 425 646 teneantur.
447 615 478 644 ii.
493 615 542 649 27,
557 613 595 642 15

206 665 466 703 Advocatiaejus.
488 665 508 693 i.
524 665 554 700 3,
567 664 615 699 21,
628 663 647 692 3

207 717 382 747 AEdifieare
398 716 429 745 in
444 715 554 745 littore
569 723 610 743 an
631 713 727 742 liceat
741 713 774 742 et
788 712 957 750 quatenus.
979 708 1013 739 ii.

245 769 272 804 2,
287 768 337 803 15,
351 768 370 796 2

206 816 391 847 AEdificatio
406 816 437 845 in
453 815 533 844 mari
547 816 603 844 aut
617 813 737 843 littore.
758 812 791 842 ii.
806 813 835 848 3,
849 811 879 847 9,
894 811 913 839 2

208 866 394 906 AEqualitas
417 864 566 904 exigendi
588 864 620 893 in
643 864 811 892 contractu
835 860 937 900 qualis
960 868 1012 889 re-

246 918 402 957 quiratur,
424 919 456 946 et
476 925 585 954 quare.
606 915 637 944 ii.
661 915 709 950 12,
729 915 777 949 11,
793 914 822 942 1.
875 913 913 941 In
935 920 1013 940 con-

246 969 400 998 tractibus
428 966 584 1005 requisita
610 964 798 1003 quotuplex.
843 963 875 992 ii.
902 963 950 998 12,
978 962 1009 992 8.

245 1019 306 1048 Rei
320 1018 353 1047 in
368 1017 584 1047 contractibus
599 1015 713 1054 qualis.
739 1014 770 1043 ii.
787 1014 836 1051 12,
852 1014 899 1048 12,
916 1015 931 1041 1

205 1068 443 1107 AEquivocatio.
469 1066 511 1096 iii.
536 1068 565 1104 1,
582 1067 630 1096 10.
692 1064 767 1094 Vide
787 1063 923 1093 Locutio
943 1071 1011 1091 am-

244 1120 350 1158 bigua.

205 1170 267 1200 AEs
282 1172 314 1198 et
328 1176 439 1197 aurum
455 1165 560 1195 diduci
576 1167 719 1204 possunt.
743 1165 775 1194 ii.
791 1165 819 1201 8,
834 1165 871 1193 21

205 1221 301 1250 AEtas
316 1222 364 1249 est
379 1217 455 1256 quid
471 1216 647 1255 personale.
670 1216 701 1245 ii.
716 1216 746 1252 7,
760 1215 807 1251 18,
822 1216 840 1243 2

176 1304 185 1310 ,
206 1271 392 1301 AEtolorum
407 1278 485 1299 mos.
508 1268 550 1297 iii.
566 1269 616 1304 20,
628 1268 666 1296 31

205 1322 360 1351 Afrorum
377 1328 446 1348 mos
461 1319 543 1348 circa
558 1317 708 1356 praedam.
729 1316 772 1345 iii.
788 1315 816 1351 6,
833 1316 880 1351 14,
895 1316 914 1344 3

206 1369 461 1410 Agamemnonis
477 1369 697 1407 juramentum
719 1367 757 1396 de
774 1376 809 1396 re
830 1366 950 1395 illicita.
979 1365 1013 1396 ii.

245 1421 295 1457 13,
308 1421 328 1451 6

205 1470 297 1509 Ager
324 1471 432 1508 potest
456 1468 550 1498 vendi
574 1476 723 1497 mensura
750 1467 925 1501 nominata,
948 1475 1012 1495 non

245 1524 351 1550 tamen
367 1519 407 1548 ad
422 1527 613 1548 mensuram.
635 1518 668 1548 ii.
683 1519 712 1554 8,
727 1519 765 1546 12

206 1570 289 1610 Agri
303 1569 403 1606 divisi,
418 1568 482 1598 sive
496 1567 649 1606 assignati
665 1567 729 1597 sive
749 1567 877 1597 limitati
893 1578 900 1597 :
921 1575 1012 1596 men-

246 1631 320 1651 sura
333 1619 562 1658 comprehensi,
574 1618 706 1648 arcifinii
720 1618 784 1648 sive
803 1617 1010 1656 occupatorii.

244 1672 276 1702 ii.
289 1673 318 1708 3,
333 1671 381 1707 16,
396 1672 424 1699 1.
469 1669 565 1707 Capti
579 1669 707 1707 quando
721 1668 953 1707 intelligantur.
969 1667 1012 1698 iii.

246 1722 274 1759 6,
299 1723 330 1752 4.
387 1720 483 1758 Capti
511 1719 630 1758 publici
654 1718 747 1748 fiunt.
783 1718 826 1746 iii.
852 1717 880 1754 6,
904 1719 954 1755 11,
981 1719 1009 1748 1.

247 1772 365 1811 capti:
392 1771 431 1800 de
450 1771 498 1799 his
514 1770 736 1806 Hebraeorum,
752 1768 1012 1798 Laeedaemonio-

245 1832 326 1859 rum,
349 1824 381 1852 et
404 1822 623 1850 Romanorum
648 1828 718 1848 mos
743 1821 775 1848 et
803 1819 1012 1848 consuetudo.

245 1874 290 1903 iii.
302 1872 332 1906 6,
348 1873 396 1907 11,
410 1872 440 1901 2.
470 1869 591 1899 Privati
604 1869 637 1897 in
653 1868 750 1898 dubio
764 1877 828 1897 non
843 1871 1014 1898 censentur

249 1922 392 1954 arcifinii.
411 1922 444 1950 ii.
458 1922 487 1957 8,
503 1921 552 1956 12,
566 1921 595 1949 1.
636 1919 838 1949 Postliminio
853 1919 1013 1957 recipiun-

248 1978 314 2005 tur.
329 1973 374 2002 iii.
388 1973 418 2008 9,
430 1973 478 2008 13,
490 1972 507 2000 1

209 2023 372 2064 Agricolis
387 2020 592 2060 parcendum.
616 2019 659 2048 iii.
676 2020 725 2055 11,
737 2020 785 2054 11,
799 2019 815 2048 1

208 2077 299 2114 Ager
313 2074 446 2103 Boeotus
461 2070 635 2100 secuudum
646 2069 725 2098 fines
736 2068 791 2107 qui
805 2070 880 2098 ante
894 2068 1014 2097 bellum

248 2125 340 2154 erant
355 2119 595 2158 intelligendus,
616 2118 649 2148 ii.
665 2118 715 2156 16,
730 2117 749 2148 6

208 2171 353 2213 Agesilai
368 2170 498 2199 dictum.
521 2168 563 2197 iii.
583 2170 613 2202 1,
629 2167 657 2203 6,
672 2168 691 2196 2

202 2224 295 2262 ayn.
315 2221 408 2256 ii.21‚
421 2220 468 2254 14,
482 2219 501 2246 2

209 2272 371 2312 Agnatica
384 2267 540 2298 successio
554 2266 687 2296 linealis.
708 2266 740 2295 ii.
757 2267 786 2303 7,
800 2268 839 2296 23

209 2324 348 2360 Alapam
372 2317 544 2348 occidendo
566 2317 702 2345 alterum
727 2325 834 2345 arcere
857 2325 897 2345 an
919 2316 1015 2346 liceat

245 2374 317 2412 jure
332 2372 466 2404 naturae,
479 2377 519 2397 an
534 2367 729 2405 evangelico.
751 2367 781 2397 ii.
798 2368 827 2403 2,
843 2368 890 2404 10,
909 2369 925 2395 1

210 2422 328 2454 Alendi
344 2419 447 2456 liberi,
469 2418 564 2448 etiam
580 2418 677 2455 vulgo
692 2417 818 2455 quaesiti
833 2428 839 2445 ;
863 2416 957 2446 etiam
975 2425 1013 2445 ex

249 2472 389 2508 incestis,
398 2469 484 2508 quod
491 2468 542 2508 jus
550 2469 731 2498 Romanum
738 2468 867 2506 sprevit.
879 2468 911 2496 ii.
919 2468 948 2503 7,
955 2469 986 2504 4,
995 2468 1014 2496 2

211 2522 393 2554 Alexander
406 2521 489 2550 latro
505 2522 537 2549 et
551 2519 660 2557 praedo
674 2519 788 2549 dictus.
810 2518 842 2547 ii.
859 2520 887 2555 1,
904 2520 933 2555 1,
946 2519 966 2548 3

211 2573 418 2612 Algerieuses
431 2570 610 2608 praedones.
631 2568 674 2598 iii.
689 2569 721 2605 8,
736 2568 783 2604 19,
799 2569 818 2597 2

211 2624 328 2654 Aliena
348 2631 398 2651 res
420 2619 567 2658 occupari
582 2621 700 2657 potest,
715 2619 756 2647 ad
770 2618 934 2647 vitandum
955 2627 1012 2656 pe-

250 2672 397 2702 riculum.
418 2670 460 2699 iii.
477 2671 507 2705 1,
519 2670 547 2704 2,
561 2670 590 2698 2.
632 2668 686 2698 Ad
701 2668 800 2697 debiti
815 2668 1016 2697 consecutio-

251 2731 323 2752 nem
351 2720 451 2758 accipi
477 2719 604 2757 quando
631 2718 742 2756 possit.
777 2718 810 2749 ii.
831 2719 862 2753 7,
883 2719 912 2754 2,
934 2720 961 2754 1,
983 2719 1012 2748 2.

252 2773 400 2803 Alienam
414 2779 481 2799 rem
496 2769 638 2807 accipere
653 2778 711 2807 pro
727 2769 835 2798 debito
851 2778 914 2797 non
928 2768 1014 2805 licet,

251 2821 307 2850 ubi
327 2820 468 2849 debitum
489 2828 547 2857 per
562 2818 718 2856 judicium
736 2819 887 2856 consequi
908 2818 1015 2848 datur.

252 2871 330 2900 ibid.
376 2869 559 2900 Restituere
584 2868 667 2897 unde
687 2871 719 2897 et
747 2871 905 2905 quatenus
927 2871 1015 2897 tene-

252 2928 355 2950 amur.
376 2919 408 2948 ii.
423 2920 471 2954 10,
487 2920 518 2952 1,
533 2919 562 2947 2.
606 2918 767 2954 Reddens,
782 2918 947 2955 praemium
966 2918 1015 2948 in-

255 2967 411 3000 ventionis
425 2975 488 2996 non
503 2969 589 2995 recte
600 2966 693 3004 petit.
716 2966 748 2996 ii.
763 2967 811 3003 10,
827 2968 854 3004 1,
869 2968 889 2997 5

633 195 801 231 INDEX
831 193 1016 229 RERUM
1045 191 1451 233 PRAEOIPUARUM,

1076 308 1250 338 Alienandi
1264 317 1321 337 sua
1333 307 1388 346 jus
1403 306 1559 337 naturale.
1580 306 1611 336 ii.
1627 306 1655 343 6,
1671 307 1699 342 1,
1712 306 1732 335 3

1076 359 1223 388 Alienati
1238 358 1363 397 imperii
1378 357 1534 397 exempla.
1556 358 1581 387 i.
1595 359 1624 394 3,
1639 358 1687 394 12,
1701 358 1732 394 3,
1747 355 1766 386 6

1076 408 1243 438 Alienatio
1258 408 1393 447 requirit
1412 410 1519 438 actum
1534 410 1700 438 externum
1717 408 1750 436 et
1771 414 1885 444 accep-

1116 458 1248 488 tionem.
1272 459 1305 490 ii.
1317 458 1346 496 6,
1363 460 1391 497 1,
1408 459 1427 487 2

1076 508 1294 540 Alienationis
1329 509 1484 549 requisita
1513 509 1659 548 quaedam
1690 516 1777 537 mere
1810 507 1886 536 sunt

1112 560 1194 598 juris
1215 561 1325 591 civilis.
1347 560 1379 589 ii.
1395 560 1424 597 6,
1437 561 1454 589 1

1077 609 1198 640 Alieno
1213 611 1260 640 uti
1276 610 1435 649 quomodo
1449 609 1554 639 liceat.
1576 608 1609 638 ii.
1626 610 1657 645 2,
1672 609 1701 646 6,
1717 609 1748 645 13
1769 608 1802 644 73
1823 607 1862 636 11

1209 660 1264 699 qui
1285 660 1389 690 utitur
1411 660 1444 689 in
1466 659 1668 696 necessitate,
1691 661 1822 689 tenetur
1843 656 1885 687 ad

1116 712 1364 742 restitutionem.
1386 711 1418 740 ii.
1434 712 1462 748 2,
1474 711 1494 742 9

1096 781 1177 788 -—
1207 762 1315 792 debito
1331 771 1424 792 nemo
1442 761 1605 800 obligatur
1619 760 1812 790 naturaliter
1826 758 1887 790 nisi

1117 813 1228 843 haeres.
1251 812 1284 843 ii.
1301 814 1349 849 14,
1365 814 1423 849 10,
1443 812 1476 842 ii.
1491 813 1539 849 21,
1554 812 1609 848 19;
1632 811 1674 840 ἰίἰ.
1690 813 1719 847 2,
1734 812 1762 847 1,
1774 812 1791 839 1

1078 863 1245 893 Alimenta
1257 872 1297 892 an
1312 862 1420 892 liberis
1441 862 1631 897 debeantur,
1648 864 1681 891 et
1702 870 1765 900 quo
1780 869 1885 891 sensu.

1118 913 1151 942 ii.
1167 914 1195 950 7,
1211 914 1243 950 4,
1257 914 1284 949 1,
1298 914 1318 943 3

1078 962 1297 1000 Ἀληθορκεῖν.
1318 962 1349 992 ἱί.
1366 963 1415 1000 13,
1432 963 1471 993 13

1078 1013 1253 1044 Allodialia
1267 1022 1367 1051 regna
1385 1022 1480 1052 quam
1496 1011 1727 1042 successionem
1748 1020 1886 1051 sequan-

1121 1066 1182 1093 tur.
1204 1064 1236 1092 ii.
1253 1065 1282 1101 7,
1299 1065 1349 1101 20,
1367 1065 1382 1093 1

1080 1111 1210 1141 Alluvio
1225 1111 1315 1150 cujus
1330 1111 1528 1141 naturaliter.
1551 1111 1582 1141 ii.
1597 1111 1628 1149 8,
1644 1112 1692 1147 11,
1708 1111 1747 1140 13

1198 1161 1329 1200 quando
1341 1161 1434 1191 cedat
1455 1160 1673 1199 proximorum
1695 1159 1887 1198 praediorum

1119 1211 1265 1242 dominis.
1289 1211 1322 1240 ii.
1335 1212 1366 1249 8,
1383 1212 1430 1247 12,
1445 1212 1473 1247 2,
1490 1209 1518 1240 δι
1535 1211 1583 1247 13,
1597 1208 1625 1240 ὅτι
1642 1210 1680 1240 15

1078 1260 1174 1291 Alvei
1188 1261 1325 1291 mutatio
1340 1270 1380 1290 an
1395 1261 1474 1290 fines
1487 1260 1644 1289 immutet.
1659 1259 1690 1289 ii.
1702 1260 1731 1295 3,
1743 1258 1791 1295 16,
1804 1259 1836 1295 1;
1848 1258 1887 1289 17

1079 1311 1201 1342 Alveus
1232 1312 1368 1341 siccatus
1396 1310 1486 1349 cujus
1516 1309 1717 1339 naturaliter.
1746 1308 1780 1339 ii.
1802 1309 1834 1345 8,
1855 1308 1886 1339 9.

1119 1361 1256 1391 Privatis
1271 1361 1400 1400 quando
1415 1360 1516 1390 cedat.
1536 1360 1568 1389 ii.
1583 1361 1613 1397 8,
1628 1360 1678 1395 13,
1694 1359 1743 1389 18.
1786 1358 1888 1398 Cujus

1113 1413 1188 1451 jure
1202 1412 1357 1451 gentium.
1379 1411 1411 1441 ii.
1427 1412 1457 1449 8,
1473 1410 1492 1441 9

1077 1462 1268 1501 Ἃμάρτημα
1285 1462 1372 1500 quid.
1394 1461 1437 1490 iii.
1450 1463 1498 1499 11,
1513 1463 1543 1497 4,
1557 1461 1576 1490 2

1079 1515 1202 1544 Amens
1217 1512 1433 1551 promittendo
1444 1521 1507 1541 non
1517 1511 1692 1550 obligatur.
1713 1511 1744 1541 ii.
1758 1511 1845 1548 11‚5,
1859 1511 1887 1541 1.

1119 1563 1252 1592 Amenti
1266 1562 1381 1591 falsum
1400 1562 1516 1598 dicere,
1531 1571 1594 1590 non
1611 1564 1660 1591 est
1675 1561 1886 1592 mendacium·

1119 1613 1163 1644 iii.
1176 1615 1261 1651 1,12,
1278 1615 1306 1643 1.
1349 1613 1506 1642 Amentes
1520 1613 1640 1651 populi,
1656 1622 1697 1642 au
1711 1612 1887 1642 dominium

1119 1664 1268 1693 habeant.
1290 1663 1320 1693 ii.
1337 1664 1387 1699 22,
1402 1665 1440 1693 10

1079 1713 1187 1744 Amici
1205 1713 1259 1751 qui
1280 1713 1344 1742 sint
1362 1713 1394 1742 in
1411 1713 1484 1752 jure
1505 1712 1703 1751 postliminii.
1732 1713 1778 1742 iii.
1792 1712 1842 1749 92,
1857 1712 1888 1743 1.

1121 1764 1307 1793 Amicorum
1332 1772 1428 1792 causa
1449 1763 1569 1792 bellum
1593 1766 1680 1792 recte
1704 1762 1886 1801 suscipitur.

1121 1815 1152 1844 ii.
1168 1815 1217 1850 25,
1231 1814 1259 1843 5.
1303 1813 1456 1842 Amicitia
1476 1821 1541 1842 non
1562 1822 1602 1842 ex
1621 1813 1691 1842 sola
1710 1812 1889 1851 indigentia

1121 1865 1273 1894 nascitur.
1296 1863 1327 1892 ii.
1344 1865 1371 1900 1,
1386 1863 1415 1899 9,
1429 1865 1458 1893 3.
1494 1863 1654 1893 Amicitiae
1668 1862 1840 1893 conventio
1854 1862 1887 1892 in

1121 1923 1200 1953 pace
1215 1913 1292 1952 quid
1306 1916 1467 1952 operetur.
1488 1912 1530 1942 iii.
1547 1913 1596 1950 20,
1611 1914 1651 1943 40

1081 1964 1277 1995 Ammonitae
1293 1972 1351 1993 nec
1371 1963 1531 1999 foederati,
1544 1972 1603 1993 nec
1617 1962 1765 2001 perpetui
1779 1962 1888 1992 hostes

1122 2014 1343 2043 Hebraeorum.
1365 2013 1397 2043 ii.
1415 2014 1464 2049 15,
1477 2012 1506 2049 9,
1520 2013 1540 2043 5

1082 2063 1283 2103 Ἀμφιβολία
1298 2064 1385 2102 apud
1399 2064 1569 2093 Rhetores.
1592 2063 1624 2092 ii.
1637 2062 1685 2099 16,
1699 2063 1728 2099 4,
1743 2064 1761 2092 1

1081 2115 1272 2145 Animantia
1295 2117 1385 2144 muta
1406 2115 1498 2144 alunt
1526 2113 1678 2144 sobolem.
1710 2113 1741 2143 ii.
1764 2113 1794 2152 7,
1812 2114 1842 2150 4,
1855 2114 1885 2144 2.

1121 2165 1351 2194 Animantibus
1374 2174 1445 2204 quae
1468 2164 1534 2194 ruri
1557 2164 1733 2195 inserviunt
1753 2173 1889 2203 parcen-

1121 2217 1207 2246 dum.
1229 2216 1272 2245 iii.
1290 2218 1338 2252 12,
1352 2217 1383 2253 4,
1399 2217 1419 2246 4

1081 2267 1299 2305 Ἀνδροληψῖα
1315 2267 1401 2305 quid.
1423 2266 1466 2296 iii.
1482 2267 1511 2302 2,
1524 2267 1552 2303 3,
1567 2267 1585 2295 1

1081 2316 1282 2355 Angariatus
1303 2315 1393 2353 sequi
1414 2324 1478 2353 quo
1499 2324 1594 2344 sensu
1613 2323 1633 2344 a
1649 2314 1777 2345 Christo
1792 2314 1888 2354 jube.

1119 2369 1204 2397 atur.
1225 2365 1245 2393 i.
1260 2366 1288 2400 2,
1302 2365 1331 2400 S,
1345 2366 1365 2394 5

1081 2415 1212 2454 Angliae
1227 2413 1319 2452 regui
1333 2413 1501 2444 successio.
1527 2413 1560 2443 ii.
1577 2413 1608 2448 7,
1623 2414 1672 2450 30,
1686 2414 1715 2443 3.
1757 2413 1888 2454 Angliae

1117 2465 1171 2504 jus
1199 2464 1283 2493 circa
1309 2463 1522 2501 praedationes
1545 2472 1616 2501 quae
1644 2466 1757 2493 contra
1781 2463 1888 2502 legem

1121 2514 1216 2545 fiunt.
1236 2514 1267 2543 ii.
1285 2514 1333 2550 17,
1347 2514 1397 2550 20,
1410 2515 1439 2544 2.
1870 2549 1872 2551 ,

1082 2564 1221 2594 Animus
1236 2563 1327 2593 vitiat
1346 2563 1488 2593 actiones
1507 2571 1565 2592 sua
1585 2565 1700 2593 natura
1719 2563 1832 2594 licitas.
1854 2563 1887 2595 ii.

1122 2615 1171 2649 15,
1185 2614 1215 2650 9,
1229 2614 1248 2644 9

1082 2662 1174 2692 Anni
1189 2661 1351 2701 (centum)
1366 2664 1431 2692 tres
1446 2662 1547 2691 ferme
1560 2664 1682 2699 aetates,
1696 2662 1728 2692 ii.
1744 2663 1775 2699 4,
1788 2662 1806 2693 7

1082 2713 1267 2743 Antiochus
1280 2722 1321 2742 an
1337 2713 1392 2752 jus
1406 2712 1553 2743 habuerit
1572 2714 1605 2742 in
1626 2712 1789 2744 Hebraeos.
1821 2713 1841 2744 i.
1857 2713 1887 2752 4,

1122 2765 1153 2799 7,
1168 2765 1188 2793 5

1083 2812 1388 2852 Ἀνθρωποπαθείας
1402 2813 1515 2852 figura.
1536 2813 1568 2844 ii.
1582 2814 1631 2850 13,
1643 2814 1672 2850 3,
1686 2815 1707 2844 3

1083 2864 1369 2903 Anthropophagi.
1390 2864 1422 2894 ii.
1438 2864 1486 2900 19,
1501 2865 1530 2900 2,
1545 2866 1561 2893 1

1083 2915 1188 2945 Aodis
1202 2915 1320 2944 factum
1336 2914 1440 2952 quale.
1462 2913 1482 2942 i.
1499 2915 1528 2950 4,
1542 2913 1590 2951 19,
1604 2914 1623 2943 4

1084 2963 1266 3003 Ἀφθαρσία
1281 2963 1366 3002 quid.
1389 2963 1420 2994 ii.
1435 2964 1466 2998 2,
1481 2964 1510 3000 2,
1524 2965 1541 2993 1
