1971 3326
329 170 412 217 172
836 179 906 214 DE
936 162 1288 214 Posrmmmo,
1612 177 1707 225 [Lm.
1725 180 1796 215 111.

328 288 422 345 pria
451 302 533 330 non
560 287 696 345 potuit
726 286 975 329 constituere
1005 285 1073 341 jus
1101 285 1311 343 gentium:
1348 286 1482 342 potuit
1517 292 1656 330 tamen
1688 289 1799 332 inter

326 369 471 397 causas
495 369 596 406 esse,
615 369 687 396 eur
710 352 887 395 Romani
909 352 1009 393 illud
1028 351 1098 407 jus
1121 352 1174 393 ab
1197 351 1287 393 aliis
1310 352 1502 409 gentibus
1520 353 1797 398 introductum

328 427 373 464 et
395 420 474 477 ipsi
497 420 856 477 amplecterentur.
920 417 1072 460 Verior
1096 418 1185 459 haec
1209 423 1273 460 est
1295 417 1415 467 ratio,
1446 419 1558 474 quod
1581 434 1702 477 reges
1726 427 1799 464 aut

327 487 469 543 populi
501 486 571 542 qui
599 486 750 527 bellum
786 483 1026 540 suscipiunt,
1064 483 1178 526 credi
1216 483 1362 526 volunt
1392 484 1528 540 justas
1564 484 1640 527 sibi
1674 486 1798 529 fuisse

327 567 471 595 causas
495 567 567 594 cur
587 551 631 593 id
654 551 864 593 facerent:
903 555 1047 592 contra
1077 556 1228 600 autem,
1260 549 1453 606 injuriam
1476 550 1613 593 facere
1636 566 1706 593 eos
1729 552 1799 608 qui

326 619 547 661 adversum
571 632 614 659 se
637 631 756 659 arma
778 616 958 658 ferrent:
983 616 1093 672 quod
1110 632 1201 658 cum
1219 622 1396 673 utraque
1414 631 1512 673 pars
1530 617 1643 660 credi
1661 618 1796 668 vellet,

326 699 402 726 nec
425 689 560 726 tutum
585 688 692 725 esset
715 697 856 739 pacem
885 697 1056 725 servare
1081 682 1339 739 cupientibus
1370 683 1464 725 huic
1489 698 1533 725 se
1562 689 1798 727 controver-

326 751 399 793 siae
434 750 713 807 interponere,
745 748 848 790 nihil
878 748 1023 791 melius
1054 749 1192 791 facere
1222 754 1448 806 potuerunt
1475 750 1616 807 populi
1646 750 1797 807 pacati,

326 832 450 873 quam
485 812 565 859 kut
591 816 634 859 id
668 815 779 872 quod
811 815 1014 857 evenisset
1048 830 1124 872 pro
1150 815 1246 872 jure
1275 815 1537 872 acciperent:
1572 822 1699 874 atque
1738 817 1798 860 ita

326 890 469 941 captos
483 884 525 926 in
539 889 634 926 actu
652 881 913 940 repugnandi
936 882 1140 924 haberent
1158 881 1275 938 quasi
1299 897 1351 924 ex
1369 882 1484 939 justa
1501 897 1623 925 causa
1642 889 1795 939 captos

427 953 456 993 3
502 951 560 993 At
584 950 636 992 de
658 949 722 991 his
746 948 816 1005 qui
839 948 946 990 bello
970 954 1115 990 exorto
1140 948 1386 1004 deprehensi
1419 954 1540 991 erant
1572 948 1652 991 diei
1686 949 1797 992 idem

325 1033 408 1060 non
432 1022 622 1075 poterat:
646 1017 663 1042 ³
678 1030 772 1058 nam
796 1014 839 1056 in
862 1014 941 1056 illis
964 1014 1121 1056 nullum
1144 1014 1306 1071 injuriae
1329 1015 1539 1058 consilium
1562 1015 1662 1073 fingi
1682 1023 1797 1073 pote-

324 1090 405 1127 rat.
456 1085 618 1126 Tamen
640 1082 694 1124 ad
717 1081 958 1123 minuendas
981 1081 1159 1123 hostium
1183 1081 1294 1123 vires
1316 1081 1487 1124 retineri
1511 1097 1580 1124 eos
1604 1089 1796 1125 manente

324 1150 431 1193 bello
472 1165 555 1192 non
593 1149 777 1204 iniquum
822 1140 1071 1190 videbatur:
1107 1147 1214 1189 bello
1251 1153 1389 1190 autem
1431 1148 1653 1205 composito
1692 1149 1794 1192 nihil

325 1215 494 1260 obtendi
523 1220 689 1273 poterat
726 1213 941 1270 quominus
977 1213 1295 1257 dimitterentur.
1367 1215 1514 1271 Itaque
1554 1230 1795 1258 consensum

323 1282 367 1325 in
405 1283 483 1325 hoc
520 1287 597 1332 est,
640 1287 687 1324 ut
724 1280 827 1323 tales
861 1279 904 1321 in
940 1294 1041 1336 pace
1078 1295 1242 1337 semper
1276 1281 1512 1323 libertatem
1545 1281 1792 1332 obtinerent,

323 1355 371 1393 ut
407 1348 658 1392 confessione
695 1345 873 1403 partium
908 1345 1173 1389 innocentes:
1221 1347 1263 1389 in
1294 1353 1453 1389 eeteros
1480 1362 1579 1389 vero
1612 1353 1659 1390 ut
1687 1348 1795 1404 quis-

324 1431 405 1472 que
428 1420 649 1472 usurparet
671 1413 780 1469 quod
803 1411 928 1454 vellet
951 1412 1063 1455 credi
1089 1413 1159 1469 jus
1188 1428 1290 1463 esse,
1326 1413 1404 1455 nisi
1439 1420 1642 1470 quatenus
1673 1420 1796 1470 pacta

382 1522 398 1544 ¹⁴
425 1522 467 1553 Ut
481 1522 516 1551 id
530 1520 615 1559 quod
627 1520 773 1550 evenisset
781 1518 927 1558 projure
941 1519 1026 1549 acci-

320 1572 445 1612 perent]
467 1573 549 1603 Vide
564 1571 705 1600 Priscum
721 1572 870 1607 excerpto
885 1569 923 1598 de
937 1569 1026 1607 lega-

322 1624 462 1653 tionibus
477 1624 527 1653 28.
549 1624 581 1650 et
598 1621 745 1650 Bizaruni
762 1620 800 1648 de
815 1619 899 1647 bello
917 1619 1026 1647 Genu-

322 1675 444 1703 ensium
459 1673 491 1702 in
507 1673 649 1703 Venetos
663 1671 744 1699 libro
760 1679 798 1699 11.
813 1669 954 1708 [Priscus
969 1669 989 1698 l.
1004 1670 1024 1698 l.

321 1725 389 1763 agit
404 1725 443 1753 de
456 1724 575 1752 foedere
590 1722 673 1751 inter
687 1722 800 1750 ducem
816 1719 1025 1749 Maximinum

321 1778 354 1804 et
368 1775 514 1812 Blemyas
530 1776 562 1802 et
577 1772 754 1807 Nubrades,
770 1773 883 1809 gentes
894 1769 1025 1798 AEthio-

321 1825 392 1863 piae,
411 1825 443 1853 in
464 1834 527 1862 quo
550 1824 581 1852 hi
601 1822 815 1861 promiserunt
835 1829 944 1849 omnes
959 1821 1025 1849 Ro-

321 1884 443 1910 manos,
462 1882 652 1912 quacunque
667 1872 760 1901 etiam
777 1871 808 1899 in
824 1870 1025 1908 expeditione

321 1927 408 1965 capti
418 1926 552 1954 fuissent
563 1923 704 1953 Orientis
712 1922 896 1960 imperatori
906 1922 1025 1959 absque

320 1977 404 2015 lytro
420 1975 598 2004 restituere.
632 1973 667 2002 J.
681 1971 741 2010 R]

381 2025 395 2042 ³
416 2025 463 2054 At
477 2033 581 2062 supra,
601 2031 668 2060 cap.
686 2022 713 2052 7.
735 2021 829 2059 hujus
844 2020 942 2056 Libri,
962 2020 980 2058 ἓ
997 2022 1026 2050 1.

323 2076 451 2106 Auctor
465 2074 587 2110 statuit,
603 2073 697 2102 etiam
713 2080 779 2109 eOS,
794 2071 859 2109 qui,
874 2071 959 2099 bello
971 2080 1024 2099 ex-

321 2130 404 2162 orto,
412 2126 496 2154 intra
502 2124 640 2153 hostium
651 2122 729 2151 fines
741 2120 1023 2159 deprehenduntur

321 2177 389 2205 fato
414 2185 481 2211 suo,
505 2183 612 2204 servos
636 2172 715 2203 fieri.
759 2171 894 2207 Deinde,
918 2179 1022 2208 neque

321 2321 415 2367 Livy
441 2330 535 2367 says.

1093 1520 1193 1549 ullum
1208 1520 1330 1559 injuriae
1342 1521 1507 1550 consilium
1522 1521 1553 1550 in
1568 1521 1796 1559 impuberibus,

1094 1570 1149 1608 qui
1164 1574 1270 1600 tamen
1287 1573 1392 1608 etiam,
1408 1571 1481 1609 jure
1500 1572 1585 1608 belli,
1606 1571 1638 1600 in
1657 1572 1795 1601 servitu-

1093 1624 1158 1650 tem
1187 1621 1386 1659 rediguntur,
1414 1622 1587 1651 seeundum
1618 1623 1794 1650 Auctorem

1094 1674 1246 1700 nostrum.
1292 1672 1389 1700 Plura
1403 1672 1539 1701 diximus
1557 1672 1589 1701 in
1604 1671 1698 1701 Notis
1718 1680 1794 1701 nos-

1092 1721 1150 1750 tris
1167 1721 1307 1751 Gallicis.
1350 1721 1385 1751 J.
1403 1722 1444 1751 B.

1154 1770 1161 1792 ¹
1182 1770 1249 1800 Nec
1263 1770 1358 1808 servi]
1371 1771 1493 1800 Totilas
1506 1771 1637 1808 Pelagio
1646 1771 1792 1800 Diacono

1093 1831 1111 1850 a
1126 1821 1280 1850 Romanis
1294 1821 1333 1849 ad
1349 1830 1382 1850 se
1396 1821 1490 1850 misso
1506 1821 1600 1851 edicit
1614 1831 1653 1851 ne
1668 1822 1706 1851 de
1720 1822 1792 1851 red-

1093 1871 1204 1900 dendis
1236 1871 1411 1899 Siculorum
1442 1871 1539 1900 servis
1565 1872 1661 1900 verba
1686 1872 1792 1908 faeiat,

1093 1921 1201 1950 dicens
1215 1921 1357 1958 iniquum
1381 1922 1448 1950 fore
1470 1924 1506 1950 ut
1521 1922 1658 1950 Romani
1683 1921 1793 1960 [immo

1095 1970 1194 1999 Gothi
1210 1970 1244 1999 J.
1257 1969 1317 2008 B.]
1345 1970 1532 2000 commilites
1547 1980 1620 2000 suos
1634 1971 1794 2000 veteribus

1092 2020 1227 2049 dominis
1254 2020 1382 2049 dedant.
1438 2021 1542 2050 Locus
1570 2024 1618 2050 est
1645 2021 1794 2060 Procopii

1095 2070 1312 2099 Gotllzicorum
1327 2078 1376 2099 111.
1419 2070 1517 2109 (Cap.
1536 2071 1604 2109 16.)

1151 2125 1172 2140 ¹¹¹
1195 2119 1233 2148 In
1260 2119 1338 2148 bello
1365 2120 1492 2149 redeunt
1514 2120 1708 2158 postliminio
1736 2121 1791 2149 ho-

1091 2169 1198 2205 mines,
1225 2170 1279 2207 qui
1303 2173 1470 2208 antequam
1492 2174 1677 2208 caperentur
1700 2169 1793 2199 liberi

588 2319 677 2353 This
698 2329 830 2353 reason
849 2316 962 2362 being
991 2316 1156 2362 peculiar
1176 2319 1215 2350 to
1237 2315 1301 2350 the
1329 2316 1506 2356 Romans,
1527 2313 1636 2350 could
1656 2317 1723 2349 not
1742 2314 1791 2349 be

321 2378 387 2413 the
407 2388 539 2412 reason
558 2376 619 2411 for
634 2376 698 2411 the
719 2376 788 2410 law
809 2375 851 2409 of
867 2375 1031 2408 nations:
1059 2374 1127 2408 but
1147 2374 1176 2408 it
1195 2373 1315 2419 might
1334 2373 1381 2407 be
1401 2383 1536 2417 among
1556 2371 1620 2406 the
1641 2382 1791 2406 reasons

321 2435 405 2481 why
422 2435 486 2469 the
503 2435 668 2469 Romans
685 2433 775 2467 took
795 2431 886 2467 such
907 2443 929 2466 a
948 2431 1030 2466 rule
1050 2431 1148 2465 from
1169 2430 1277 2465 other
1299 2430 1457 2464 nations.
1510 2430 1585 2464 But
1602 2428 1666 2463 the
1686 2433 1791 2463 truer

320 2503 454 2527 reason
470 2493 511 2533 is,
531 2491 614 2526 that
634 2490 698 2525 the
719 2490 957 2535 belligerents
978 2499 1042 2523 are
1062 2488 1244 2533 regarded
1261 2499 1300 2522 as
1318 2488 1350 2521 if
1367 2486 1465 2522 their
1481 2498 1574 2521 wars
1590 2497 1685 2521 were
1700 2487 1791 2531 just,

322 2550 396 2584 and
420 2549 585 2584 neutrals
611 2551 749 2583 cannot
776 2547 894 2593 safely
918 2547 1117 2591 interpose,
1142 2545 1216 2579 and
1241 2549 1340 2580 must
1364 2544 1553 2579 therefore
1577 2544 1792 2589 acquiesce3

322 2607 395 2641 and
416 2618 468 2648 so,
488 2610 587 2641 must
606 2606 746 2640 reekon
766 2604 889 2639 actual
909 2603 1071 2649 captives
1092 2614 1131 2637 as
1146 2602 1264 2648 justly
1284 2602 1458 2648 captives.

403 2667 423 2698 3
460 2664 535 2698 But
564 2663 653 2697 with
682 2662 816 2708 regard
842 2666 880 2696 to
908 2660 1015 2695 those
1039 2660 1121 2694 who
1141 2671 1238 2694 were
1258 2659 1395 2705 caught
1414 2669 1551 2704 among
1570 2658 1636 2693 the
1655 2669 1790 2704 enemy

320 2720 427 2756 when
454 2720 518 2755 the
539 2731 613 2754 war
633 2719 748 2754 broke
770 2723 847 2760 out,
871 2717 936 2753 the
957 2728 1058 2752 same
1078 2717 1189 2752 could
1208 2721 1276 2752 not
1295 2717 1342 2751 be
1363 2716 1460 2751 said:
1487 2716 1548 2751 for
1567 2715 1658 2761 they
1678 2715 1789 2750 could

321 2783 388 2812 not
412 2778 459 2812 be
490 2777 688 2812 conceived
724 2780 763 2811 to
794 2776 887 2811 have
929 2775 1026 2809 done
1056 2786 1128 2820 any
1160 2785 1297 2819 wrong.
1346 2774 1421 2809 Yet
1448 2778 1487 2808 to
1519 2772 1694 2807 diminish
1723 2771 1789 2806 the

319 2834 489 2878 strength
507 2835 550 2868 of
562 2834 626 2868 the
643 2845 787 2879 enemy,
803 2833 893 2878 they
910 2843 1006 2867 were
1022 2832 1192 2866 retained
1209 2831 1318 2865 while
1335 2831 1399 2866 the
1414 2842 1489 2864 war
1505 2829 1636 2864 lasted.
1667 2829 1788 2864 These

318 2891 421 2932 then,
438 2891 486 2936 by
504 2890 567 2924 the
585 2895 738 2924 consent
754 2890 797 2924 of
813 2890 970 2931 nations,
991 2900 1087 2923 were
1104 2893 1144 2923 to
1160 2889 1207 2923 be
1227 2888 1422 2929 liberated,
1443 2898 1491 2922 on
1512 2886 1576 2921 the
1597 2885 1731 2920 arrival
1748 2884 1791 2920 of

317 2958 444 2994 peace,
468 2958 507 2982 as
532 2947 731 2988 innoeent3
755 2946 824 2981 but
849 2946 958 2982 other
981 2947 1168 2992 prisoners
1194 2949 1233 2980 to
1258 2945 1305 2980 be
1329 2944 1524 2990 regulated
1554 2940 1604 2989 by
1632 2942 1718 2977 laws
1748 2941 1792 2977 of
