1971 3326
742 172 806 209 Ao
836 171 1134 209 VERBORUM.

103 290 205 323 Victis
221 291 343 330 eripere
357 291 436 321 nihil
451 291 512 321 nisi
530 290 616 329 quod
632 299 743 329 pacem
761 288 905 327 impedit,

140 341 310 372 laudabile.
330 342 372 371 iii.
390 342 438 380 15,
454 343 483 378 2,
497 343 526 371 1.
560 340 722 370 Relictum
736 348 827 368 suum
844 339 904 367 im-

140 391 276 429 perium.
307 391 350 421 iii.
373 392 420 427 15,
442 392 470 421 7.
523 390 696 429 Imperium
725 389 904 427 relinquere

141 451 369 480 generosorum
385 444 443 471 est.
466 441 510 470 iii.
526 441 574 476 15,
588 441 618 470 4.
660 439 832 477 Imperium
854 447 904 467 re-

141 491 243 529 linqui
266 491 359 527 solet,
383 490 460 520 locis
477 489 665 528 quibusdam
687 488 835 517 detentis.
858 487 901 517 iii.

141 542 190 576 15.
206 542 235 571 5.
273 541 404 580 Imperii
418 551 491 580 pars
505 540 627 570 relicta.
651 539 693 568 iii.
708 539 757 574 15,
767 539 796 569 9.
826 538 905 567 Per-

139 592 243 621 missae
257 601 321 621 suae
335 592 433 630 leges,
447 594 479 621 et
493 591 708 627 magistratus.
731 589 774 619 iii.
790 590 839 626 15,
855 590 903 619 10.

142 643 206 671 Sua
219 642 331 680 relig-io
347 642 510 680 permissa.
533 641 610 670 ibid.
627 640 645 678 ἓ
662 642 699 669 11

103 689 214 722 Victor
239 700 348 721 curare
373 691 481 729 debet,
508 693 544 719 ut
568 690 681 728 religio
703 698 777 718 vera
804 688 903 717 libere

138 741 339 779 praedicetur.
363 740 439 770 ibid.
484 739 563 775 Quis
586 738 748 768 dicendus.
781 737 824 767 iii.
850 738 901 773 20,

138 791 187 820 45.
219 790 297 829 Ejus
311 790 448 819 officium
462 789 494 818 in
510 798 573 825 eOS,
585 787 640 827 qui
654 797 687 817 se
702 787 833 817 dedunt.
857 787 901 816 iii.

138 843 188 877 20,
204 841 255 876 49,
271 842 290 869 2

99 891 227 922 Vindex
242 891 404 930 sanguinis
418 891 504 928 apud
529 889 692 919 Hebraeos.
715 888 748 918 ii.
763 889 815 926 20,
828 889 857 925 8,
872 888 901 925 6,

137 940 166 971 ὅτι
180 941 200 971 i.
217 943 247 976 2,
262 942 292 978 5,
308 943 327 969 4

98 991 292 1021 vindicatio.
333 990 408 1020 Vide
423 989 520 1019 Ultio.

98 1040 257 1071 Vindictae
272 1040 402 1078 privatae
416 1039 572 1077 exempla.
595 1038 625 1068 ii.
639 1039 688 1074 20,
702 1038 732 1076 8,
748 1038 768 1067 3

98 1089 215 1120 viriati
228 1089 413 1118 moderatio.
433 1089 476 1118 iii.
494 1090 543 1125 12,
558 1089 587 1125 4,
601 1089 621 1117 3

98 1140 238 1170 Virtutis
263 1143 354 1168 actus
379 1148 460 1177 quos
480 1138 535 1177 jus
557 1138 766 1167 Hebraeorum
790 1136 898 1174 exigit,

137 1191 311 1229 exiguntur
325 1194 357 1219 et
372 1199 456 1218 nunc
470 1199 490 1218 a
505 1188 703 1218 Christianis.
727 1188 747 1217 i.
765 1189 793 1223 1,
809 1188 857 1224 17,
872 1189 892 1217 5

96 1237 155 1268 Vis
172 1237 291 1276 injusta
305 1237 494 1266 naturaliter
507 1245 588 1274 quae.
612 1236 632 1266 i.
648 1237 676 1272 2,
692 1237 721 1272 1,
736 1235 765 1265 6.
802 1234 826 1264 J
829 1238 900 1264 usta

135 1287 326 1317 naturaliter
353 1296 436 1325 quae.
471 1287 491 1316 i.
516 1288 546 1323 2,
569 1288 597 1323 1,
622 1287 650 1316 7.
694 1285 899 1314 Testimoniis

135 1337 299 1375 probatur.
316 1337 337 1366 i.
352 1338 380 1374 2,
396 1339 424 1373 1,
435 1338 464 1373 5,
478 1337 507 1367 7.
530 1337 569 1365 In
583 1335 702 1372 bestiis,
717 1345 780 1373 quo
795 1345 899 1365 sensu.

133 1387 153 1416 i.
168 1389 197 1424 2,
215 1388 242 1423 1,
257 1388 285 1423 5,
300 1388 330 1424 3,
346 1388 374 1416 2.
398 1387 506 1415 Poenae
522 1395 598 1424 ergo
612 1385 709 1414 licita.
730 1385 774 1415 iii.
794 1387 822 1422 1,
837 1386 865 1421 2,
879 1386 899 1414 3

94 1436 148 1475 Vi,
165 1437 344 1466 hominibus
365 1436 504 1473 armatis,
520 1435 685 1472 coactisve,
708 1435 785 1473 quid
800 1434 899 1473 signi-

133 1488 216 1517 ficet.
236 1488 268 1518 ii.
286 1488 335 1524 16,
348 1489 396 1523 20,
411 1488 430 1516 4

93 1538 172 1570 Vita
194 1538 227 1566 in
250 1540 337 1567 statu
358 1536 559 1566 innocentiae.
583 1535 614 1566 ii.
632 1537 661 1573 2,
675 1537 704 1572 2,
720 1537 748 1571 1,
763 1536 794 1566 2.
834 1535 898 1564 Po-

132 1588 201 1627 puli
219 1587 417 1626 praeferenda
437 1585 586 1616 libertati.
617 1586 648 1615 ii.
666 1587 713 1622 14,
728 1585 756 1622 6,
770 1587 802 1615 2.
842 1587 897 1614 An

132 1639 267 1677 obligari
286 1638 396 1676 possit.
419 1638 462 1668 iii.
477 1639 507 1675 2,
523 1637 550 1668 6.
598 1637 683 1666 Tota
705 1645 833 1666 reorum
856 1645 896 1665 an

133 1689 351 1718 examinanda.
373 1687 406 1716 ii.
421 1689 472 1724 20,
486 1688 536 1723 30,
548 1687 568 1715 4

93 1738 202 1769 Vitam
218 1738 321 1767 valide
340 1736 487 1775 obligari,
503 1736 707 1774 antiquorum
726 1735 894 1766 sententia.

133 1788 166 1817 ii.
183 1788 232 1823 15,
246 1787 294 1823 16,
308 1788 328 1815 4

94 1837 179 1869 Vitae
201 1836 328 1866 tuendae
348 1844 443 1864 causa
464 1834 592 1863 mentiri
612 1843 653 1863 an
675 1833 782 1864 liceat.
808 1833 852 1864 iii.
868 1835 896 1870 1,

135 1887 184 1917 16.
226 1885 337 1915 Pactio
356 1885 537 1914 libertatem
559 1893 623 1913 non
643 1884 896 1922 comprehendit.

134 1936 176 1966 iii.
191 1938 240 1973 23,
254 1938 292 1965 12

93 1986 183 2017 Vitia
197 1986 303 2024 qualia
315 1985 473 2024 impunita
487 1994 554 2015 esse
568 1985 716 2015 debeant.
737 1984 773 2013 ii.
785 1985 834 2020 20,
849 1984 897 2020 18,

133 2038 184 2073 20,
200 2039 218 2065 1

94 2087 262 2118 Vitiositas
276 2089 366 2116 actus
380 2087 420 2116 ab
435 2086 551 2116 effectu
564 2085 782 2115 discernenda.
801 2084 832 2113 ii.
849 2084 898 2120 17,

133 2139 174 2168 22

94 2188 218 2219 Vitium
246 2187 292 2217 rei
319 2187 351 2215 in
381 2185 597 2215 contractibus
623 2184 838 2221 indicandum,
865 2186 898 2214 et

136 2246 243 2276 quare.
266 2237 299 2266 ii.
315 2238 362 2273 12,
376 2236 405 2272 9,
421 2237 439 2265 1

94 2287 205 2317 Vittae.
225 2287 268 2315 iii.
284 2288 335 2322 24,
349 2287 370 2316 5

93 2335 182 2366 Ultio
197 2345 237 2364 an
246 2335 313 2374 juri
332 2337 453 2364 naturae
474 2333 649 2363 conveniat.
670 2333 703 2362 ii.
719 2335 766 2370 20,
780 2334 809 2370 5,
824 2336 851 2370 1,
865 2336 895 2365 3.

133 2385 238 2415 Licita
252 2385 326 2423 jure
346 2388 468 2414 naturae
488 2386 520 2412 et
534 2383 691 2421 gentium.
712 2383 742 2412 ii.
760 2385 809 2419 20,
823 2385 852 2420 8,
866 2385 896 2420 2,

134 2437 163 2465 3.
208 2434 396 2464 Christianis
411 2433 574 2471 permissa.
597 2432 628 2461 ii.
646 2434 696 2469 20,
713 2434 761 2470 10,
778 2435 807 2471 1,
823 2435 843 2462 5

95 2484 235 2514 Ultionis
248 2482 406 2511 restrictio
420 2482 518 2511 unde.
538 2481 570 2510 ii.
587 2483 635 2517 20,
654 2483 684 2518 8,
704 2483 723 2510 4

95 2534 179 2564 Unio
194 2533 397 2571 populorum,
415 2533 471 2560 aut
488 2540 671 2569 regnorum,
688 2531 764 2569 quid
783 2541 894 2570 opere-

134 2586 199 2613 tur.
220 2582 252 2612 ii.
267 2583 298 2618 9,
312 2582 330 2612 9

96 2632 291 2662 Universitas
306 2632 429 2670 obligat
442 2624 595 2671 singulos,
616 2633 647 2662 ii.
664 2634 692 2669 5,
708 2634 745 2664 17

95 2681 317 2713 Universitatis
332 2682 439 2711 debito
459 2682 576 2720 singuli
595 2691 636 2711 an
657 2683 847 2722 obligentur,
863 2688 896 2715 et

135 2734 303 2771 quatenus.
323 2731 356 2761 ii.
371 2732 418 2768 14,
433 2732 451 2762 7

95 2782 200 2815 Voces
215 2791 255 2811 an
270 2781 426 2811 naturalia
440 2782 540 2821 signa.
564 2781 606 2812 iii.
624 2783 651 2819 1,
666 2784 696 2820 8,
708 2785 725 2812 1

1697 171 1777 211 441

974 287 1117 318 Vocibus
1144 287 1221 327 (de)
1245 289 1339 319 meris
1362 289 1536 328 disputatio
1561 290 1713 321 cavenda.
1746 291 1778 321 ii.

1012 340 1060 374 20,
1075 339 1114 367 23

972 387 1104 417 Volenti
1118 386 1301 416 mentiendo
1317 396 1358 416 an
1374 388 1488 428 injuria
1501 390 1566 419 fiat.
1589 391 1633 421 iii.
1649 392 1678 429 1,
1694 392 1744 425 14,
1761 394 1777 420 1

971 437 1131 467 Voluntas
1155 437 1297 466 defuncti
1321 447 1379 475 pro
1407 439 1491 477 lege.
1522 440 1554 468 ii.
1577 441 1606 476 7,
1625 442 1653 470 3.
1699 441 1779 476 Quae

1010 486 1170 525 punibilis.
1202 486 1233 515 ii.
1259 488 1307 523 20,
1331 489 1379 517 18.
1421 488 1483 518 Dei
1507 490 1700 526 nominatur,
1724 491 1779 520 ubi

1012 546 1113 566 causae
1138 546 1201 565 non
1229 540 1398 575 apparent.
1428 539 1461 568 ii.
1486 541 1535 576 20,
1557 541 1608 576 48,
1627 542 1656 570 1.
1698 540 1778 570 Jure

1010 587 1183 616 mutabilis.
1205 587 1238 617 ii.
1253 589 1300 623 11,
1315 589 1334 616 2

970 634 1171 674 ’Υπερβολνῂ
1186 636 1290 675 figura
1304 637 1416 675 qualis.
1438 638 1480 668 iii.
1496 640 1525 677 1,
1542 640 1581 669 13

970 684 1174 720 ‘Y-rro‘xpwze.
1197 687 1231 716 ii.
1247 688 1296 725 13,
1309 689 1346 716 21

971 733 1074 763 Urbes
1089 734 1233 771 quaedam
1245 744 1264 763 a
1274 735 1345 764 Deo
1360 736 1482 766 excidio
1497 737 1673 768 damnatae:
1695 748 1777 777 qua-

1008 792 1053 812 re.
1074 783 1118 812 iii.
1131 785 1178 819 12,
1193 785 1221 818 2,
1236 786 1265 813 4.
1295 785 1328 813 A
1343 786 1511 816 Salomone
1525 787 1677 818 Hieromo
1693 789 1776 819 datae

1011 834 1130 871 quales.
1153 834 1174 863 i.
1190 836 1218 870 3,
1235 836 1283 872 12,
1300 837 1320 865 3

970 883 1102 912 Urbium
1120 884 1288 913 matricum
1302 885 1357 924 jus
1376 886 1408 914 in
1424 886 1564 916 colonias
1580 888 1667 926 apud
1683 888 1776 918 Grae-

1009 941 1073 961 cos.
1096 933 1115 962 i.
1132 934 1162 970 3,
1179 934 1226 970 21,
1243 935 1260 962 1

968 981 1127 1019 Usucapio
1148 982 1253 1011 locum
1276 992 1340 1011 non
1362 983 1459 1013 habet
1478 984 1563 1014 inter
1577 985 1656 1015 duos
1671 995 1776 1025 popu.

1007 1031 1055 1059 los
1069 1034 1125 1060 aut
1139 1041 1242 1070 reges.
1264 1032 1295 1061 ii.
1310 1033 1339 1068 4,
1356 1034 1384 1061 1.
1426 1033 1508 1062 Imo.
1529 1034 1605 1065 ibid.
1623 1034 1641 1073 ἓ
1656 1037 1685 1072 2,
1697 1037 1717 1064 4

969 1080 1081 1109 Usurae
1102 1090 1165 1119 quo
1184 1081 1258 1119 jure
1277 1081 1394 1112 vetitae.
1417 1083 1448 1111 ii.
1465 1085 1513 1121 12,
1528 1085 1577 1120 20,
1593 1086 1620 1121 1,
1635 1086 1667 1114 3.
1708 1085 1776 1115 Ve-

1008 1130 1076 1159 titae
1091 1131 1162 1169 lege
1178 1131 1325 1160 Hebraea.
1347 1132 1423 1161 ibid.
1439 1132 1516 1163 Not.
1531 1135 1562 1165 3.
1587 1134 1775 1166 Christianis

1007 1180 1137 1209 illicitae.
1159 1180 1236 1210 ibid.
1282 1181 1411 1211 Crimen
1432 1183 1547 1221 quibus
1565 1184 1688 1214 casibus
1709 1195 1774 1215 non

1007 1230 1204 1260 admittatur.
1226 1232 1259 1262 ii.
1276 1233 1324 1269 12,
1341 1233 1378 1261 21

967 1279 1087 1309 Usuras
1102 1280 1219 1317 (circa)
1234 1280 1342 1319 legum
1358 1281 1496 1311 civilium
1511 1283 1659 1313 efficacia.
1673 1284 1703 1314 ii.
1723 1285 1773 1322 12,

1006 1331 1054 1359 22.
1095 1330 1323 1359 Hollandicum
1340 1331 1394 1369 jus
1409 1332 1492 1360 circa
1505 1332 1599 1370 ipsas.
1623 1334 1700 1363 ibid.

968 1379 1050 1408 Usus
1072 1380 1244 1409 auctoritas
1265 1380 1297 1408 in
1314 1381 1508 1419 explicandis
1531 1382 1668 1422 legibus.
1702 1384 1724 1413 i.
1743 1386 1773 1420 2,

1005 1429 1035 1465 9,
1052 1431 1081 1459 1.
1123 1430 1243 1459 Rerum
1268 1431 1431 1461 naturalis
1453 1431 1486 1461 ii.
1501 1434 1530 1469 2,
1545 1434 1575 1468 2,
1591 1434 1619 1462 1.
1663 1433 1726 1463 Rei
1740 1434 1773 1462 in

1006 1479 1108 1508 abusu
1122 1479 1298 1509 consistens
1316 1480 1511 1511 aestimabilis
1531 1485 1623 1512 extra
1642 1492 1720 1513 rem.
1740 1484 1772 1514 ii.

1008 1529 1057 1565 12,
1072 1529 1120 1564 20,
1136 1530 1155 1557 2

967 1577 1023 1607 Uti
1045 1587 1142 1616 opera
1164 1577 1271 1606 oblata
1292 1577 1377 1615 licet,
1397 1578 1457 1608 etsi
1481 1579 1628 1611 offerenti
1652 1581 1772 1613 illicita.

1004 1627 1047 1655 iii.
1065 1629 1093 1663 1,
1108 1628 1156 1663 21,
1168 1628 1218 1664 22,
1235 1626 1263 1656 δι
1279 1628 1310 1664 2,
1325 1627 1374 1664 26,
1390 1628 1419 1663 5,
1434 1629 1451 1657 1

965 1674 1094 1704 Utilitas
1115 1675 1243 1713 publica
1269 1676 1438 1705 alienando
1462 1677 1546 1705 bona
1570 1678 1771 1710 subditorum

1003 1726 1090 1763 pacis
1105 1734 1208 1761 causa,
1223 1734 1286 1763 quo
1301 1734 1395 1755 sensu
1408 1727 1599 1765 requiratur.
1620 1728 1665 1758 iii.
1679 1731 1731 1766 20,
1743 1731 1772 1766 7,

1006 1776 1034 1810 1,
1050 1774 1077 1803 &
1094 1776 1141 1811 10,
1157 1776 1174 1803 1

966 1822 1095 1852 Utilitas
1122 1822 1327 1861 belligeranti
1355 1832 1394 1853 ex
1417 1824 1611 1854 abstinentia
1632 1827 1769 1865 popula-

1003 1873 1138 1903 tionum.
1160 1872 1202 1901 iii.
1219 1874 1267 1909 12,
1281 1874 1311 1908 8,
1326 1874 1342 1901 1

964 1921 1121 1951 Utilitatis
1135 1922 1272 1951 innoxiae
1283 1921 1346 1960 jus.
1368 1921 1400 1951 ii.
1418 1923 1447 1959 2,
1464 1923 1501 1952 11

965 1971 1054 2000 Uxor
1064 1971 1096 1999 in
1112 1980 1227 2009 corpus
1240 1971 1346 2000 mariti
1355 1971 1409 2010 jus
1423 1972 1519 2001 habet
1533 1981 1572 2001 ex
1585 1973 1659 2012 lege
1673 1983 1770 2004 evan-

1005 2020 1118 2058 geliea.
1140 2021 1172 2050 ii.
1199 2022 1228 2057 5,
1248 2021 1279 2059 9,
1306 2023 1334 2051 2.
1358 2020 1441 2050 Rem
1465 2021 1616 2060 vindicat,
1652 2027 1769 2054 emtam

1004 2071 1139 2108 pecunia
1161 2080 1229 2107 sua,
1255 2080 1350 2110 quam
1374 2074 1520 2110 repetere
1541 2073 1709 2110 potuisset.
1737 2075 1772 2106 ii.

1006 2121 1053 2156 10,
1069 2121 1096 2156 2,
1112 2121 1131 2149 2

965 2169 1101 2206 Uxores,
1128 2179 1169 2198 an
1196 2169 1304 2208 plures
1332 2170 1448 2200 habere
1476 2170 1599 2200 licitum
1627 2172 1686 2202 sit:
1715 2172 1771 2210 qui

1004 2220 1112 2258 plures
1133 2220 1312 2257 habuerint,
1333 2221 1388 2259 qui
1408 2231 1472 2250 una
1495 2222 1656 2260 contenti;
1678 2226 1710 2253 et
1729 2233 1770 2252 an

1004 2270 1127 2299 licitum
1142 2270 1184 2301 sit
1209 2280 1261 2300 eas
1275 2271 1430 2302 deserere.
1450 2272 1484 2302 ii.
1499 2273 1530 2310 5,
1545 2273 1573 2310 9,
1588 2274 1616 2309 1,
1630 2274 1659 2309 2,
1672 2274 1694 2302 4

1349 2430 1394 2461 X.

963 2505 1082 2535 Xerxis
1096 2509 1129 2536 et
1145 2506 1372 2536 Artabarzanis
1386 2509 1609 2540 controversia.
1632 2509 1662 2540 ii.
1676 2509 1704 2547 7,
1718 2510 1758 2541 29

964 2554 1160 2594 Ξυμμαχία.
1181 2556 1214 2585 ii.
1230 2557 1278 2594 15,
1294 2556 1323 2594 6,
1339 2558 1358 2586 2

1347 2711 1385 2742 Ζ.

965 2785 1177 2815 Zelandorum
1187 2786 1241 2825 jus
1256 2787 1338 2817 circa
1353 2786 1538 2818 auuviones.
1559 2787 1602 2819 iii.
1619 2788 1648 2826 8,
1664 2789 1712 2826 15,
1727 2789 1745 2819 1
