1971 3326
208 191 292 232 440

210 312 421 341 Territorium
435 312 520 342 unde
534 312 664 342 dictum.
686 312 729 342 iii.
745 312 774 348 6,
787 313 807 341 4

209 361 376 392 Territorii
391 372 464 401 pars
484 363 604 401 populo
625 371 724 392 vacua
743 360 875 390 alienari
894 361 1011 398 potest.

249 411 281 440 ii.
303 411 332 447 6,
346 412 364 442 7

210 461 329 490 Terror
342 470 406 490 non
422 461 536 490 sufficit
549 460 589 489 ad
599 460 652 499 jus
666 460 827 490 internum
837 457 1011 488 occidendi.

249 510 292 540 iii.
310 513 357 547 11,
373 511 421 547 16,
436 513 452 540 1

209 560 330 597 Tertio,
343 561 397 598 qui
411 562 531 589 metum
546 568 609 588 non
623 558 767 593 incussit,
781 559 867 587 faeta
876 557 1012 596 promis-

250 611 296 639 sio
311 612 408 639 tenet.
431 610 473 638 iii.
491 609 537 644 19,
552 611 572 638 3

210 659 452 689 Testamentum
485 658 687 686 solemnitate
718 657 826 695 aliqua
853 657 1012 686 defectum

247 719 343 747 quem
359 709 506 738 effectum
523 709 648 737 habeat.
672 708 715 738 iii.
731 709 760 744 7,
773 708 800 744 6,
819 709 838 736 2

209 759 408 788 Testamenti
435 758 532 787 factio
561 760 610 787 est
631 758 713 796 juris
741 756 912 787 naturalis:
948 764 1012 794 quo

250 817 354 837 sensu.
377 808 407 837 ii.
423 808 452 843 6,
468 809 515 843 14,
531 809 547 836 1

208 858 416 887 Testamenta
437 858 476 886 de
499 857 606 895 regnis
627 856 914 895 patrimonialibus.
937 855 957 885 i.
984 856 1014 890 3,

247 909 297 945 12,
312 908 340 944 5,
356 908 384 937 6.
426 907 499 936 Non
516 907 800 944 patrimonialibus,
821 915 886 934 non
907 905 1014 934 valent

247 957 309 986 nisi
327 967 365 986 ex
379 956 491 995 populi
506 965 672 985 consensu.
694 956 738 984 iii.
754 958 781 991 1,
797 957 845 992 13,
861 957 889 984 1.
921 955 960 983 In
974 955 1013 983 iis

247 1006 389 1035 clausula
411 1005 615 1044 derogatoria
638 1008 793 1044 quantum
811 1005 924 1034 valeat.
948 1004 967 1033 i.
983 1005 1012 1040 3,

247 1058 295 1093 18,
317 1058 335 1085 2

208 1108 335 1137 Testari
345 1117 407 1136 non
420 1107 630 1145 prohibentur
642 1106 764 1135 externi
773 1106 848 1143 jure
862 1105 1010 1135 naturali.

247 1158 278 1187 ii.
301 1158 329 1194 6,
352 1159 398 1194 14,
418 1160 450 1188 2.
492 1158 595 1192 Quem
618 1156 793 1194 impediens
817 1156 956 1193 quando,
978 1158 1011 1184 et

249 1209 300 1237 cui
316 1211 474 1237 teneatur.
495 1207 527 1237 ii.
543 1209 591 1243 17,
606 1208 625 1236 3

209 1258 420 1288 Thebaeorum
436 1260 609 1296 martyrum
624 1256 765 1285 historia.
779 1255 800 1285 i.
816 1258 846 1291 2,
858 1257 906 1291 10,
917 1257 966 1291 11,
983 1257 1011 1292 1,

246 1310 275 1345 4,
286 1309 315 1345 7,
330 1310 368 1338 10

208 1359 434 1388 Thebanorum
455 1359 540 1388 bella
558 1367 629 1387 cum
652 1357 913 1387 Lacedaemoniis,
935 1357 966 1386 ii.
983 1359 1011 1393 1,

245 1410 274 1438 8.
306 1408 373 1437 Lex
388 1409 426 1437 de
441 1408 616 1436 vendendis
631 1407 750 1436 liberis.
773 1406 804 1436 ii.
820 1407 849 1442 5,
861 1407 893 1445 5Λ

211 1458 373 1487 Theodori
388 1458 494 1486 AEtoli
509 1458 638 1486 factum.
662 1456 704 1486 iii.
715 1458 745 1492 4,
760 1457 808 1492 18,
822 1458 839 1484 1

209 1507 392 1537 Thesaurus
404 1508 435 1535 in
451 1507 560 1536 multis
574 1506 681 1544 regnis
696 1506 764 1543 regi
780 1506 872 1534 cedit.
896 1505 926 1534 ii.
941 1505 969 1541 8,
982 1504 1000 1534 7

208 1556 364 1586 Thesauri
379 1556 479 1594 cujus,
495 1558 527 1585 et
543 1556 581 1584 de
597 1556 633 1584 iis
648 1556 736 1593 leges
750 1555 855 1584 varim.
878 1553 953 1584 ibid.

207 1606 438 1635 Tibarenorum
453 1606 660 1643 generositas,
682 1605 723 1634 iii.
740 1606 769 1640 2,
784 1605 831 1640 20,
846 1605 865 1633 3

210 1656 317 1694 Τιμᾷν
331 1664 389 1692 pro
411 1655 606 1684 benefacere.
629 1655 661 1684 ii.
678 1656 726 1690 13,
741 1655 769 1690 7,
784 1656 803 1683 2

210 1705 357 1742 Τιμωριά
374 1704 459 1742 quid.
482 1704 513 1732 ii.
529 1705 577 1739 20,
592 1703 622 1737 G,
638 1705 655 1731 1

209 1754 369 1783 Timothei
385 1753 473 1782 ducis
487 1753 672 1782 moderatio.
694 1753 736 1782 iii.
753 1754 801 1788 12,
815 1754 845 1789 2,
860 1754 879 1780 2

209 1802 303 1832 Titus
316 1803 469 1841 templum
486 1803 636 1831 incendit.
659 1802 701 1832 iii.
716 1804 746 1840 5,
763 1804 792 1838 2,
806 1803 825 1831 5

209 1851 350 1880 Tradere
364 1860 397 1880 se
411 1852 443 1879 in
457 1851 561 1887 fidem,
577 1852 664 1889 quid.
688 1851 730 1880 iii.
748 1853 796 1887 20,
808 1852 856 1887 50,
871 1852 891 1880 3

209 1901 353 1930 Traditio
375 1910 438 1929 non
459 1901 631 1938 requiritur
653 1901 840 1929 naturaliter
860 1900 900 1928 ad
914 1899 1010 1937 perfi-

250 1950 392 1978 ciendam
411 1949 644 1978 alienationem.
666 1950 697 1978 ii.
714 1949 742 1984 6,
757 1951 784 1985 1,
800 1951 829 1978 2.
870 1949 1011 1977 Natura·

247 1996 321 2025 liter
339 1997 379 2025 ad
398 1996 637 2025 translationem
654 1997 784 2025 dominii
798 2005 861 2024 non
876 1995 1010 2033 requiri-

251 2048 315 2075 tur.
335 2046 366 2075 ii.
381 2047 410 2082 S,
424 2047 472 2075 25.
516 2046 567 2074 Ad
582 2046 822 2074 translationem
838 2045 968 2074 dominii
977 2044 1010 2072 in

248 2095 362 2132 quibus
377 2095 511 2132 casibus,
528 2095 623 2125 etiam
633 2095 706 2134 jure
721 2095 814 2131 civili,
825 2103 888 2123 non
903 2093 1010 2131 requi-

248 2148 349 2172 ratur.
372 2143 448 2173 ibid.

210 2193 339 2232 Trajani
358 2193 477 2222 dictum
493 2193 532 2221 ad
547 2192 733 2230 praefectum
747 2192 896 2229 praetorio
911 2202 1010 2230 expo-

249 2244 345 2272 nitur.
368 2243 388 2271 i.
405 2244 434 2278 4,
449 2243 479 2278 6,
494 2244 514 2271 5

210 2293 407 2322 Transeundi
417 2292 471 2330 jus
485 2301 542 2330 per
556 2292 676 2321 alienos
690 2292 779 2321 fines.
799 2292 830 2322 ii.
847 2294 875 2329 2,
891 2294 939 2329 13,
954 2294 971 2322 1

210 2343 452 2371 Transeundum
468 2351 531 2379 qua
545 2342 597 2371 sit.
617 2342 649 2371 ii.
664 2344 692 2377 2,
704 2343 751 2379 13,
765 2344 792 2378 1,
807 2343 827 2371 5

212 2391 400 2428 Transfugae
420 2391 493 2428 jure
519 2390 666 2419 Romano
688 2391 919 2428 postliminium
946 2401 1011 2421 non

250 2441 377 2469 habent.
400 2441 442 2469 iii.
457 2441 487 2475 9,
504 2442 551 2476 10,
567 2442 594 2470 1.
637 2441 725 2469 Servi
746 2440 939 2478 postliminio
960 2450 1011 2470 re-

251 2490 420 2527 cipiuntur.
442 2490 485 2519 iii.
510 2491 538 2526 9,
561 2492 608 2526 11,
629 2492 661 2520 2.
702 2490 754 2519 Ab
773 2491 833 2528 his,
857 2500 876 2519 a
897 2491 1012 2529 quibus

251 2540 502 2576 transfugerunt,
524 2540 625 2568 occidi
646 2540 762 2570 solent.
783 2540 827 2569 iii.
850 2542 897 2576 11,
920 2540 969 2576 16,
984 2542 1013 2570 1.

250 2587 334 2617 Belli
344 2588 418 2626 jure
428 2588 634 2626 recipiuntur.
656 2588 698 2617 iii.
713 2590 763 2626 20,
778 2590 826 2618 12.
861 2589 900 2617 In
916 2589 1012 2618 dubio

250 2646 314 2665 non
328 2637 489 2666 reddendi.
511 2637 553 2666 iii.
569 2638 617 2674 20,
632 2639 681 2673 12,
697 2639 724 2667 1.
766 2638 830 2667 Eos
844 2638 1013 2668 admittere

251 2686 335 2715 lieet.
358 2686 400 2715 iii.
416 2688 443 2722 1,
458 2688 496 2714 22

214 2736 381 2765 Transitus
402 2745 465 2764 non
485 2737 618 2766 debetur
639 2736 793 2775 injustum
809 2737 928 2767 bellum
943 2747 1013 2767 mo-

251 2786 348 2814 venti.
368 2785 401 2815 ii.
414 2787 443 2819 2,
460 2787 508 2822 13,
521 2788 541 2815 4

215 2833 423 2863 Transmissio
435 2835 557 2864 linealis
572 2835 678 2865 differt
692 2846 711 2865 a
720 2837 1012 2875 repraesentatione.

254 2883 284 2912 ii.
299 2883 328 2918 7,
343 2885 391 2919 22,
407 2885 424 2912 1

215 2931 350 2961 Tribuni
364 2933 555 2962 sacrosancti
570 2934 727 2972 quomodo
738 2934 825 2965 facti.
846 2935 889 2967 iii.
902 2936 949 2973 19,
957 2937 985 2973 8,
995 2938 1014 2966 2

639 197 807 232 INDEX
837 195 1023 232 RERUM
1047 193 1452 237 PRAEOIPUARUM,

1083 309 1274 340 Tributariae
1288 309 1458 338 Medorum
1477 309 1623 339 nationes
1636 318 1676 339 an
1691 310 1766 349 ejus,
1775 311 1886 340 condi-

1117 359 1213 387 tionis
1227 359 1413 397 manserint,
1428 359 1581 389 translato
1595 360 1636 389 ad
1649 359 1728 389 alios
1739 360 1883 398 imperio.

1121 407 1152 436 ii.
1169 408 1219 442 16,
1235 407 1284 443 16,
1298 409 1318 436 4

1082 456 1290 486 Tributorum
1315 457 1386 486 finis
1408 457 1489 495 quis.
1509 456 1530 486 i.
1550 458 1580 495 2,
1606 457 1634 493 7,
1657 459 1704 487 12.
1747 457 1884 488 Indictio

1121 506 1162 534 ad
1175 506 1304 535 victoris
1318 505 1503 535 utilitatem.
1525 506 1567 535 iii.
1584 506 1612 542 6,
1628 507 1667 536 15

1082 555 1169 584 Tulli
1184 555 1314 584 Hostilii
1329 556 1430 586 dolus.
1452 556 1495 585 iii.
1512 557 1540 592 1,
1554 558 1602 594 14,
1618 557 1637 585 2

1082 604 1231 635 Tutelam
1248 605 1313 643 (in)
1328 608 1477 643 receptus
1492 605 1570 633 nihil
1586 606 1681 635 debet
1695 614 1791 644 agere
1805 614 1885 634 nox-

1121 654 1186 682 ium
1202 654 1300 683 statui
1314 654 1391 692 ejus,
1404 664 1423 683 a
1437 663 1501 692 quo
1515 657 1662 692 receptus
1672 658 1729 684 est.
1752 654 1795 683 iii.
1808 656 1856 690 24,
1868 656 1888 682 2

1082 704 1220 734 Tutores
1234 715 1253 734 a
1266 714 1329 743 quo
1344 705 1440 733 dandi
1454 705 1486 733 in
1495 705 1603 742 regnis
1612 704 1887 743 patrimonialibus

1122 757 1154 784 et
1169 764 1232 783 non
1247 754 1533 792 patrimonialibus.
1554 754 1576 784 i.
1591 756 1622 790 3,
1638 755 1676 784 15

1083 803 1250 842 Tyrannus
1262 804 1367 832 titulo.
1409 803 1484 833 Vide
1499 804 1641 833 lnvasor.

1083 853 1232 892 Tyranno
1243 853 1321 883 fides
1336 854 1481 883 debetur.
1502 853 1546 883 iii.
1562 854 1610 890 19,
1625 856 1656 889 2,
1672 853 1700 884 &
1716 855 1744 890 1,
1758 855 1787 892 3,
1801 855 1822 883 2

1456 987 1497 1017 V.

1081 1058 1199 1087 Vades.
1223 1058 1254 1087 ii.
1270 1060 1319 1095 21,
1335 1060 1384 1094 11,
1398 1060 1416 1087 2

1081 1107 1202 1136 Valerii
1219 1107 1329 1137 Levini
1344 1108 1446 1137 dolus.
1470 1107 1514 1138 iii.
1531 1110 1559 1143 1,
1571 1108 1619 1144 17,
1632 1110 1648 1137 1

1081 1157 1264 1187 Vandalicae
1299 1158 1504 1188 successionis
1536 1158 1761 1188 controversia.
1808 1159 1839 1189 ii.
1854 1159 1885 1196 7,

1119 1209 1168 1243 30,
1183 1209 1202 1236 2

1080 1256 1240 1293 vasallus,
1267 1257 1322 1295 qui
1350 1267 1414 1286 non
1442 1258 1525 1287 idem
1548 1258 1703 1295 subditus,
1728 1258 1801 1297 cogi
1821 1267 1886 1287 non

1120 1310 1238 1344 potest,
1253 1310 1289 1336 ut
1304 1310 1356 1336 eat
1371 1308 1472 1336 obses.
1494 1308 1538 1336 iii.
1554 1309 1602 1344 20,
1618 1309 1657 1337 52

1080 1355 1283 1386 Vasallorum
1295 1356 1349 1394 jus
1363 1356 1446 1385 circa
1465 1356 1651 1386 alluviones.
1672 1357 1706 1387 ii.
1722 1358 1753 1393 8,
1769 1356 1817 1393 15,
1831 1357 1850 1386 1

1081 1405 1238 1436 vastatio.
1285 1405 1360 1435 Vide
1375 1406 1556 1444 Populatio.

1079 1454 1229 1493 Vectigal
1244 1455 1322 1483 mari
1336 1454 1457 1492 imponi
1473 1464 1512 1483 an
1528 1456 1640 1493 possit.
1661 1455 1691 1485 ii.
1710 1456 1739 1491 3,
1756 1456 1794 1484 14

1079 1503 1260 1542 Vectigalia
1273 1513 1332 1541 pro
1349 1504 1487 1533 transitu
1505 1504 1658 1533 mercium
1679 1504 1800 1543 imponi
1814 1513 1886 1543 quae

1120 1553 1256 1591 possint.
1278 1553 1312 1582 ii.
1327 1554 1356 1589 2,
1372 1554 1418 1588 14,
1436 1555 1453 1581 1

1080 1602 1163 1633 Vela
1177 1603 1319 1631 candida.
1343 1603 1386 1632 iii.
1401 1604 1451 1639 24,
1468 1604 1487 1632 5

1079 1652 1248 1682 Vendendi
1262 1653 1392 1681 libertas
1406 1662 1446 1681 an
1461 1653 1555 1682 alicui
1571 1654 1733 1684 debeatur.
1752 1654 1785 1685 ii.
1801 1655 1832 1691 2,
1846 1656 1886 1684 20

1081 1703 1232 1734 Venditio
1260 1706 1368 1741 potest
1396 1703 1570 1732 dominium
1602 1705 1775 1734 transferre
1809 1708 1886 1735 ante

1119 1754 1334 1782 traditionem.
1356 1753 1388 1781 ii.
1405 1754 1452 1789 12,
1469 1754 1516 1789 15,
1532 1755 1549 1781 1

1079 1802 1214 1832 Veneno
1229 1802 1405 1831 interficere
1423 1802 1496 1840 jure
1511 1803 1658 1841 gentium
1672 1803 1819 1833 vetitum.
1839 1803 1884 1833 iii.

1117 1853 1146 1888 4,
1170 1853 1218 1881 15.
1260 1851 1396 1880 Inficere
1425 1851 1490 1880 tela
1514 1861 1555 1880 an
1579 1852 1686 1883 liceat.
1717 1853 1762 1882 iii.
1783 1854 1813 1889 4,
1834 1852 1885 1884 16.

1119 1902 1230 1939 Aquas
1245 1910 1284 1929 an
1300 1901 1405 1930 liceat.
1429 1901 1473 1930 iii.
1488 1903 1518 1937 4,
1533 1901 1569 1930 17

1079 1951 1182 1981 Venia
1196 1951 1293 1988 digna
1308 1960 1388 1988 quae.
1409 1950 1454 1980 iii.
1470 1952 1517 1986 11,
1532 1952 1561 1986 4,
1575 1952 1604 1986 4,
1621 1951 1637 1980 7

1078 1999 1214 2029 Veniam
1230 2000 1304 2028 dare
1319 2008 1359 2028 an
1374 1999 1482 2028 liceat.
1504 1999 1537 2029 ii.
1553 2001 1601 2035 20,
1617 2000 1655 2028 31

1078 2047 1209 2083 Venire,
1234 2049 1267 2075 et
1288 2046 1428 2080 mittere,
1447 2046 1579 2075 diversa.
1607 2047 1651 2077 iii.
1666 2048 1714 2083 21,
1729 2046 1779 2077 16.
1824 2047 1887 2077 Cui

1118 2096 1316 2134 permissum,
1331 2105 1371 2125 an
1387 2105 1482 2134 quem
1503 2105 1612 2125 secum
1635 2097 1751 2126 ducere
1774 2097 1889 2135 possit.

1118 2145 1163 2174 iii.
1178 2147 1227 2181 21,
1243 2146 1280 2175 27

1084 2194 1188 2224 Verba
1201 2195 1412 2233 intelligenda
1431 2196 1606 2225 secundum
1626 2195 1790 2225 materiam
1812 2196 1887 2224 sub-

1112 2243 1244 2281 jectam.
1265 2244 1297 2273 ii.
1315 2244 1361 2280 16,
1377 2246 1425 2273 24.
1463 2244 1514 2273 Ex
1529 2245 1726 2283 proprietate
1740 2245 1773 2273 in
1788 2245 1885 2274 dubio

1119 2293 1284 2322 sumenda.
1306 2293 1336 2322 ii.
1354 2293 1404 2329 16,
1421 2295 1440 2322 2

1081 2341 1262 2372 Verborum
1282 2342 1436 2380 obligatio
1458 2342 1585 2371 interna
1599 2351 1638 2371 ex
1652 2344 1770 2372 mente.
1789 2341 1823 2371 ii.
1838 2341 1887 2378 16,

1119 2393 1149 2427 1,
1165 2393 1192 2427 1,
1204 2392 1234 2421 2.
1265 2391 1430 2429 Obligatio
1444 2394 1576 2420 externa
1591 2391 1766 2420 secundum
1785 2391 1886 2420 inter-

1119 2441 1329 2478 pretationem
1345 2441 1555 2478 probabilem.
1578 2441 1656 2470 ibid.

1080 2489 1219 2527 Veritas,
1243 2490 1276 2518 id
1303 2492 1362 2526 est,
1381 2489 1501 2519 locutio
1529 2492 1651 2528 aperta.
1687 2489 1720 2518 ii.
1743 2490 1792 2526 13,
1809 2490 1839 2526 3,
1855 2490 1887 2518 2.

1119 2537 1141 2567 J
1146 2538 1262 2567 ustitioe
1277 2548 1361 2577 pars.
1383 2539 1425 2568 iii.
1441 2541 1468 2575 1,
1484 2541 1535 2576 11,
1551 2540 1570 2567 2

1081 2588 1189 2618 Vestis
1203 2589 1290 2626 apud
1306 2587 1469 2617 Romanos
1483 2588 1680 2627 postliminio
1695 2596 1759 2617 non
1773 2597 1887 2626 recep·

1121 2642 1163 2668 ta.
1186 2638 1227 2668 iii.
1241 2638 1272 2673 9,
1289 2640 1336 2674 14,
1351 2640 1370 2667 2

1081 2689 1229 2719 Vestium
1244 2688 1371 2717 nomine
1385 2697 1474 2717 arma
1487 2697 1551 2717 non
1566 2688 1707 2719 veniunt.
1728 2687 1772 2717 iii.
1787 2688 1836 2724 23,
1848 2688 1887 2716 12

1081 2739 1205 2769 Vetans
1231 2738 1346 2767 fortius
1368 2747 1463 2776 quam
1486 2738 1615 2776 jubens,
1636 2746 1745 2776 quare.
1780 2737 1812 2767 ii.
1835 2736 1887 2776 16,

1121 2789 1170 2824 29,
1186 2790 1203 2817 1

1080 2838 1143 2869 Via
1156 2839 1283 2876 publica
1297 2848 1337 2867 an
1350 2838 1540 2867 alluvionem
1554 2836 1719 2875 impediat.
1741 2836 1773 2866 ii.
1789 2837 1818 2873 8,
1833 2837 1871 2866 17

1082 2888 1170 2919 Victi
1184 2888 1355 2917 clementer
1369 2887 1516 2916 habendi.
1539 2886 1582 2917 iii.
1599 2887 1649 2926 15,
1661 2888 1708 2917 12.
1742 2885 1885 2917 Victori·-

1121 2938 1181 2967 bus
1195 2937 1356 2976 permixti.
1376 2937 1420 2967 iii.
1436 2938 1484 2975 15,
1498 2938 1531 2977 3,
