1971 3326
698 169 760 204 AO
791 168 1093 204 VERBORUM.

100 285 131 315 ii.
150 287 196 321 13,
213 288 240 322 1,
256 288 283 322 2,
298 288 334 323 3;
364 287 405 316 iii.
423 289 451 324 1,
472 287 520 317 19.
563 286 682 315 Violati
706 295 800 324 poena
821 286 860 314 ad

97 336 241 371 posteros
262 339 379 365 manat.
410 336 441 365 ii.
459 338 504 372 13,
522 337 549 372 1,
563 338 592 364 2.
637 335 800 373 obligatio
822 344 861 364 ex

97 384 202 413 animo
217 386 402 416 deliberato.
423 387 454 416 ii.
471 389 518 424 13,
535 390 564 423 3,
581 389 596 415 l

59 431 252 464 Juramento
268 437 455 474 promissum
472 447 533 466 non
551 440 656 475 potest
671 437 799 466 retineri
820 437 861 466 ob

97 488 263 522 peccatum
278 487 409 516 alterius
424 488 624 517 antecedens.
647 488 678 516 ii.
694 490 741 523 13,
757 489 805 523 20,
821 489 860 524 33

98 533 141 563 iii.
158 534 204 570 19,
220 536 251 569 3,
269 537 295 564 1.
340 536 498 565 Convenit
512 537 649 565 maxima
663 536 858 574 simplicitas.

98 582 129 611 ii.
146 584 194 619 13,
222 585 250 619 4,
272 586 300 612 1.
344 584 448 614 Testis
473 588 504 614 et
528 586 614 614 ultor
638 585 737 614 Deus.
759 585 790 614 ii.
812 587 859 621 23,

98 632 145 660 10.
188 632 358 662 Absolutio
382 643 401 661 a
419 634 602 672 juramento
622 635 707 663 unde
724 634 785 662 vim
803 635 860 663 ha-

97 681 183 711 beat.
212 682 243 711 ii.
262 684 309 718 13,
325 685 372 719 20,
391 685 420 712 2.
464 684 557 713 Circa
576 685 760 722 juramenta
783 684 860 721 quid

96 730 220 768 possint
244 732 431 769 superioreS.
461 732 493 761 ii.
518 734 563 768 13,
584 734 632 768 20,
656 735 683 768 1,
707 734 737 761 4.
779 732 859 760 Pro-

95 779 224 808 missum
240 782 435 818 compensari
450 791 512 810 non
526 784 632 819 potest
643 791 713 810 cum
726 791 762 810 eo
774 781 860 819 quod

97 831 172 857 ante
198 832 266 858 erat
291 833 539 859 controversum.
573 831 605 859 ii.
622 833 669 867 13,
686 832 733 866 20,
749 833 786 867 33
815 830 858 859 iii.

96 878 145 914 19,
161 879 209 915 19,
226 880 253 914 1,
268 881 287 907 2

56 926 246 971 «juramenta
269 928 371 968 (leges
393 929 546 958 Romanae
570 927 668 967 circa)
694 929 770 967 quid
792 932 857 958 sta-

96 979 198 1006 tuant.
227 978 259 1006 ii.
276 980 322 1013 13,
344 979 392 1014 20,
408 980 436 1006 4.
479 977 511 1006 A
537 978 665 1007 Christo
688 988 758 1015 quae
782 987 857 1016 pro-

96 1027 206 1056 hibita.
237 1028 268 1057 ii.
295 1029 342 1063 13,
365 1030 415 1058 21.
456 1029 595 1066 Regum.
627 1029 658 1057 ii.
677 1031 723 1064 13,
740 1029 794 1064 19,
825 1028 856 1058 ίί.

97 1077 144 1112 14,
159 1078 178 1105 3

56 1124 206 1155 Juratum
229 1128 356 1164 pactum
383 1126 498 1155 fortius
522 1135 584 1154 non
601 1125 721 1164 jurato.
752 1126 783 1155 ii.
811 1127 857 1163 16,

96 1175 144 1211 29,
160 1177 178 1203 2

56 1224 300 1254 Jurisdictiones
319 1235 442 1254 summa
460 1225 626 1254 inferiores
646 1225 859 1263 concedijure

95 1273 295 1302 haereditario
310 1277 444 1312 possunt
462 1274 573 1313 populi
595 1283 758 1303 consensu.
780 1274 812 1303 ii.
828 1274 858 1312 G,

97 1324 136 1352 10

55 1364 147 1412 {Iuris
166 1375 288 1402 naturae
311 1373 430 1402 dictata
452 1373 515 1402 alia
537 1372 649 1411 magis,
673 1373 734 1401 alia
757 1372 861 1401 minus

97 1423 277 1452 manifesta.
298 1423 329 1452 ii.
345 1424 392 1459 20,
407 1425 455 1459 43,
477 1426 493 1451 1

57 1473 130 1503 Juri
158 1476 280 1502 naturae
310 1482 373 1502 non
406 1476 589 1511 repugnant
617 1473 762 1511 quaedam
790 1482 860 1511 quae

66 1513 68 1516 ι
96 1522 196 1552 vetita
210 1526 284 1552 sunt
298 1523 370 1561 lege
385 1523 499 1552 divina.
521 1523 553 1552 ii.
569 1525 617 1559 20,
631 1525 670 1552 42

56 1570 301 1611 Jusjurandum.
348 1572 422 1601 Vide
437 1572 455 1602 J
460 1576 670 1602 uramentum.

57 1621 287 1659 Jusjurandum
305 1631 324 1650 a
340 1621 477 1651 Civitate
494 1622 615 1651 factum
631 1626 663 1651 et
677 1622 859 1660 repetitum.

95 1671 140 1701 iii.
156 1672 204 1707 19,
218 1673 246 1708 Β,
262 1674 278 1700 1

59 1721 122 1753 Jus
137 1731 195 1760 pro
215 1732 251 1751 eo
275 1723 360 1760 quod
378 1722 500 1760 justum
523 1725 580 1752 est.
603 1723 623 1753 i.
641 1724 667 1759 1,
682 1724 710 1759 3,
726 1725 754 1752 1.
797 1723 860 1751 Pro

98 1772 253 1810 qualitate
268 1775 417 1808 sumtum,
433 1773 509 1810 quid
524 1773 573 1802 sit.
598 1772 618 1801 i.
635 1774 663 1810 1,
682 1776 710 1808 4,
727 1775 753 1801 1.
797 1773 861 1801 Pro

98 1821 180 1860 lege,
195 1821 217 1851 i.
232 1823 260 1857 1,
275 1822 304 1858 9,
320 1824 348 1851 l.
391 1822 453 1850 Pro
468 1822 540 1860 lege
554 1822 594 1850 ad
609 1822 740 1850 aliarum
756 1831 775 1850 a
789 1822 860 1858 jus-

68 1907 72 1910 *
98 1871 171 1901 titia
184 1871 337 1899 virtutum
352 1871 517 1899 materiam
534 1871 683 1908 pertinet.
706 1871 725 1899 i.
743 1872 771 1906 1,
785 1871 817 1906 9,
832 1872 861 1898 1.

98 1920 264 1950 Naturale.
289 1920 309 1948 i.
333 1921 360 1956 1,
384 1921 431 1956 10,
458 1921 487 1949 1.
530 1919 623 1954 Quid,
647 1921 679 1947 et
703 1919 862 1956 quomodo

100 1970 226 2000 differat
241 1980 260 1999 a
274 1970 379 1998 divino
390 1969 582 1999 voluntario.
602 1969 623 1998 i.
640 1972 667 2005 1,
682 1970 729 2005 15,
746 1971 773 1998 1.
797 1969 862 1998 Vo-

99 2021 285 2056 luntarium,
298 2021 339 2049 τὸ
357 2021 390 2049 ἐν
403 2020 512 2057 τάξει.
533 2019 557 2049 i.
572 2022 599 2055 1,
613 2019 642 2054 9,
654 2021 682 2047 2.
707 2019 862 2047 Naturale

100 2081 120 2101 a
133 2071 204 2100 Deo
218 2071 423 2105 immutabile,
435 2073 468 2099 et
482 2078 590 2107 quare.
612 2069 634 2098 i.
645 2071 672 2105 1,
689 2070 734 2104 10,
750 2070 777 2098 5.
802 2068 864 2098 Est

100 2121 229 2159 aliquod
243 2129 439 2157 consequens
455 2122 561 2147 actum
582 2118 766 2147 humanum.
796 2119 817 2146 i.
835 2121 864 2154 1,

69 2160 73 2167 ι
101 2172 151 2204 10,
166 2172 195 2198 4.
238 2169 380 2199 Sumitur
393 2169 563 2206 aliquando
578 2177 636 2206 pro
659 2177 695 2197 eo
715 2169 800 2206 quod
816 2172 864 2198 est

99 2220 281 2248 honestum.
302 2218 322 2247 i.
337 2220 366 2253 1,
379 2219 426 2254 10,
436 2220 465 2247 3.
487 2217 624 2247 Videtur
634 2217 750 2245 mutari
766 2227 863 2256 prop-

100 2271 151 2297 ter
163 2267 304 2296 materiae
319 2267 539 2296 mutationem.
569 2267 590 2296 i.
606 2268 633 2302 1,
649 2268 696 2303 10,
712 2267 741 2296 6.
785 2267 863 2297 Esse

100 2317 221 2355 aliquid
233 2316 316 2354 juris
338 2316 491 2344 naturalis
510 2316 666 2353 probatur
681 2325 699 2343 a
719 2316 816 2353 priori
832 2319 864 2346 et

70 2399 73 2402 Δ
102 2377 122 2396 a
145 2366 323 2404 posteriori,
348 2366 518 2403 quomodo.
553 2365 573 2394 i.
598 2367 625 2400 1,
640 2367 688 2401 12,
703 2367 731 2394 1.
773 2365 864 2395 Juris

102 2414 256 2444 naturalis
282 2414 452 2443 reductivae
475 2423 545 2451 quae
570 2414 643 2442 sint.
675 2413 694 2443 i.
713 2416 740 2449 1,
764 2415 812 2449 10,
833 2416 863 2444 3.

104 2463 186 2502 Ejus
194 2462 276 2500 juris
290 2462 479 2500 permissivae
496 2465 619 2490 tantum
640 2472 709 2500 quae
726 2466 812 2499 sunt,
832 2466 865 2492 et

103 2512 244 2551 praecipi,
258 2514 289 2540 et
304 2511 401 2540 vetari
420 2520 439 2539 a
455 2511 524 2539 Deo
539 2514 682 2548 possunt.
707 2511 731 2540 i.
744 2513 773 2547 2,
791 2514 819 2549 5,
835 2515 863 2543 1.

104 2563 236 2592 Naturae
261 2570 318 2598 pro
347 2563 434 2589 certo
463 2564 559 2589 statu.
594 2561 614 2589 i.
639 2563 665 2597 1,
683 2563 730 2597 10,
750 2563 779 2591 7.
821 2563 864 2592 Et

104 2611 248 2650 gentium
264 2610 422 2648 quomodo
437 2619 455 2638 a
470 2610 621 2638 Romanis
630 2610 864 2648 jurisconsultis

104 2663 257 2695 sumatur,
272 2662 304 2688 et
318 2668 357 2687 an
371 2662 468 2688 recte.
489 2658 510 2687 i.
523 2660 550 2694 1,
563 2660 610 2687 11.
633 2659 816 2688 Rectorium
833 2664 865 2690 et

105 2709 326 2747 aequatorium.
356 2708 376 2736 i.
401 2709 430 2742 1,
453 2709 481 2737 3.
530 2707 603 2736 Non
632 2710 680 2736 est
706 2708 738 2736 in
762 2709 865 2737 brutis

74 2794 76 2797 Ι
106 2758 331 2792 animantibus,
354 2757 393 2785 de
410 2756 471 2785 iuis
491 2756 664 2794 improprie
689 2766 752 2794 quo
771 2766 865 2786 sensu

106 2809 239 2836 dicatur.
262 2806 282 2834 i.
301 2807 328 2841 1,
343 2807 390 2841 11,
406 2807 422 2834 1

67 2857 128 2889 Jus
149 2855 362 2885 voluntarium
384 2855 568 2890 humanum,
591 2853 640 2883 vel
661 2854 812 2883 divinum.
844 2854 866 2884 i.

107 2909 135 2942 1,
151 2907 199 2935 13.
241 2904 352 2940 Civile,
366 2903 449 2933 civili
467 2903 573 2941 latius,
592 2903 674 2933 civili
687 2904 815 2933 arctius.
845 2903 866 2933 i.

1650 162 1733 201 425

968 287 996 321 1,
1013 286 1059 320 14,
1075 286 1103 313 1.
1144 285 1306 314 Divinum.
1327 285 1347 313 i.
1366 286 1393 320 1,
1409 286 1455 313 13.
1494 285 1562 313 Aut
1577 286 1625 313 est
1640 284 1733 313 unius

967 335 1088 373 populi,
1103 337 1159 363 aut
1175 335 1327 363 omnium.
1350 334 1368 363 i.
1387 336 1415 370 1,
1432 335 1478 370 15,
1496 336 1542 362 12.
1576 333 1734 362 Omnibus

967 384 1094 421 populis
1110 392 1277 412 commune
1292 383 1420 420 triplex,
1442 383 1461 411 i.
1481 385 1507 418 1,
1525 384 1571 418 15,
1586 385 1604 411 2

928 432 990 462 Jus
1005 433 1103 472 gladii
1121 433 1196 471 quid
1212 433 1242 461 in
1259 432 1354 461 sacris
1370 435 1401 461 et
1422 432 1562 469 profanis
1576 432 1686 461 literis.
1709 432 1731 462 i.

966 485 994 519 2,
1010 485 1039 518 7,
1055 485 1082 511 2.
1127 483 1277 511 Divinum
1294 481 1486 510 Hebraicum
1502 481 1580 510 alios
1595 482 1731 519 populos

966 541 1028 561 non
1045 532 1177 569 obligat.
1199 531 1219 560 i.
1237 533 1264 568 2,
1281 531 1328 567 16,
1344 532 1370 567 1,
1387 532 1416 560 2.
1440 531 1609 559 Hebraeum
1627 531 1730 568 quoad

965 591 1023 610 nos
1037 583 1226 620 abrogatum
1242 590 1305 609 non
1318 584 1404 609 recte
1419 581 1542 610 dicitur.
1563 581 1583 609 i.
1596 583 1623 616 1,
1638 580 1685 616 16,
1701 582 1732 610 7.

967 632 1069 666 Quem
1086 641 1177 660 usum
1192 641 1276 660 nunc
1291 631 1416 666 habeat,
1437 634 1470 660 et
1494 640 1587 669 quem
1604 631 1636 659 in
1656 641 1731 669 per-

965 682 1078 710 missis.
1108 681 1128 710 i.
1151 683 1178 716 1,
1201 682 1249 714 17,
1274 682 1302 716 1,
1316 682 1345 709 3.
1389 680 1477 709 Nihil
1501 680 1643 709 continet
1663 680 1729 719 juri

965 734 1087 758 naturae
1112 730 1315 759 contrarium.
1346 730 1365 758 i.
1388 731 1414 765 1,
1435 731 1481 766 17,
1504 730 1531 758 2.
1577 730 1729 759 Gentium

966 779 1059 816 quid:
1091 782 1123 807 et
1151 780 1310 816 quomodo
1332 780 1494 816 probetur.
1530 779 1551 808 i.
1579 780 1606 815 1,
1631 781 1677 816 14,
1698 781 1726 809 1.

965 828 1038 857 Non
1063 832 1111 857 est
1137 837 1303 857 commune
1326 828 1471 856 omnibus
1494 829 1631 866 populis.
1664 829 1683 858 i.
1700 831 1729 865 1,

965 879 1014 911 17,
1030 880 1060 907 1.
1102 877 1145 905 Et
1161 887 1236 905 usus
1246 878 1328 915 juris
1344 877 1579 914 distinguenda.
1604 877 1623 905 i.
1638 879 1665 913 3,
1679 879 1727 906 24.

965 927 1209 965 Supereminens
1223 927 1318 965 regis,
1334 930 1389 956 aut
1401 927 1546 962 civitatis,
1560 937 1598 956 an
1615 928 1729 957 liberet

963 987 982 1005 a
1005 977 1067 1006 fide
1095 977 1230 1006 subditis
1256 977 1342 1005 data.
1377 977 1417 1006 iii.
1434 977 1481 1013 19,
1502 977 1530 1006 7.
1575 978 1728 1006 Gentium

963 1030 1129 1055 externum
1146 1029 1247 1055 vetus.
1269 1025 1310 1054 iii.
1330 1028 1356 1062 1,
1374 1027 1419 1062 18,
1437 1028 1463 1063 1,
1479 1026 1506 1056 ὅτι
1523 1027 1572 1061 19,
1589 1028 1616 1055 1.
1660 1028 1726 1056 Ex-

963 1079 1089 1105 ternum
1106 1076 1209 1114 quale.
1242 1075 1265 1105 i.
1280 1077 1307 1112 3,
1323 1078 1351 1112 2,
1366 1077 1402 1112 2,
1423 1076 1464 1105 iii.
1484 1078 1530 1112 10,
1546 1078 1574 1112 1,
1588 1078 1616 1106 3.
1664 1078 1727 1106 Pro

957 1123 1030 1160 jure
1046 1125 1188 1151 externo.
1223 1122 1264 1150 iii.
1281 1123 1310 1159 4,
1328 1124 1354 1157 2,
1370 1124 1400 1151 2.
1436 1123 1563 1161 Regum
1579 1126 1610 1152 et
1625 1133 1728 1162 popu-

961 1173 1065 1201 lorum
1079 1172 1205 1210 quando
1217 1181 1295 1209 pace
1307 1172 1470 1201 remissum
1483 1176 1659 1202 censeatur.
1683 1174 1728 1202 iii.

965 1224 1011 1258 20,
1023 1223 1069 1251 15.
1095 1221 1246 1250 Gentium
1259 1222 1341 1250 circa
1351 1222 1599 1259 inaequalitatem
1610 1223 1641 1251 in
1653 1233 1728 1252 con-

964 1273 1129 1302 tractibus.
1143 1272 1175 1300 ii.
1190 1273 1238 1307 12,
1249 1271 1299 1307 26,
1312 1273 1340 1301 1.
1363 1272 1529 1300 Internum
1543 1273 1584 1301 ab
1596 1276 1728 1303 externo

966 1321 1161 1350 distinctum.
1186 1320 1216 1349 ii.
1232 1322 1279 1356 12,
1292 1322 1339 1356 11,
1353 1322 1389 1356 2;
1410 1321 1454 1350 iii.
1469 1322 1498 1356 7,
1513 1321 1540 1357 6,
1558 1324 1584 1357 1,
1599 1324 1635 1358 33
1657 1332 1727 1361 cap.

966 1372 1014 1405 10,
1030 1373 1057 1406 1,
1072 1372 1100 1407 3,
1116 1369 1143 1399 δῦ
1159 1371 1188 1407 3,
1205 1372 1231 1398 1.
1271 1369 1462 1398 Exterorum
1479 1371 1728 1408 supereminenti

967 1419 1107 1448 dominio
1129 1427 1193 1447 non
1215 1419 1333 1447 subest.
1365 1419 1397 1447 ii.
1415 1420 1464 1453 14,
1480 1420 1510 1454 7,
1525 1421 1554 1449 8.
1596 1421 1727 1450 Naturae

966 1468 1107 1497 moribus
1130 1467 1329 1496 obliteratur.
1361 1468 1382 1497 i.
1398 1470 1427 1503 2,
1442 1468 1470 1504 7,
1486 1471 1521 1505 1;
1543 1469 1575 1498 ii.
1593 1471 1639 1505 15,
1653 1472 1681 1505 5,
1698 1472 1726 1500 1.

970 1518 1121 1547 Gentium
1134 1518 1172 1546 de
1183 1518 1267 1546 bello
1280 1517 1390 1555 captis.
1404 1518 1446 1547 iii.
1469 1518 1497 1554 6,
1512 1521 1541 1553 2,
1556 1521 1582 1555 1,
1598 1522 1626 1549 4.
1650 1521 1728 1558 Pig-

968 1569 1064 1604 noris,
1080 1567 1277 1603 retentionis,
1292 1567 1451 1596 servitutis
1466 1578 1506 1596 an
1521 1569 1604 1598 bello
1620 1571 1728 1608 acqui-

967 1621 1067 1653 ratur,
1092 1620 1125 1646 et
1147 1617 1317 1654 quomodo.
1348 1617 1389 1645 iii.
1408 1617 1436 1653 6,
1451 1617 1498 1653 26,
1518 1619 1547 1647 1.
1588 1618 1731 1657 Captivi·

969 1668 1045 1697 tatis
1060 1667 1156 1696 etiam
1170 1667 1285 1705 injuria
1300 1668 1428 1698 dicitur.
1449 1668 1492 1698 iii.
1504 1669 1532 1704 7,
1548 1668 1576 1705 6,
1590 1671 1609 1697 4

929 1717 990 1747 Jus
1004 1717 1147 1755 gentium
1171 1720 1259 1745 vetat
1281 1718 1433 1755 permissa
1450 1717 1523 1755 jure
1545 1722 1678 1754 naturae,
1697 1722 1730 1749 et

968 1766 1125 1804 permittit
1139 1766 1246 1795 vetita.
1270 1767 1313 1795 iii.
1328 1768 1357 1802 4,
1373 1767 1420 1804 15,
1437 1767 1465 1795 1.
1507 1767 1605 1804 Apud
1627 1778 1729 1806 popu-

968 1815 1016 1843 los
1031 1816 1194 1853 quosdam.
1216 1815 1258 1845 iii.
1273 1817 1302 1851 4,
1316 1816 1364 1849 19,
1381 1817 1409 1844 1.
1451 1816 1630 1854 Improprie
1645 1819 1732 1855 quod

969 1865 1062 1893 multi
1081 1864 1191 1902 populi
1211 1868 1367 1902 usurpant
1389 1865 1456 1894 sine
1477 1868 1589 1894 mutua
1606 1867 1729 1906 obliga-

970 1913 1069 1942 tione.
1090 1913 1132 1941 iii.
1151 1915 1177 1948 1,
1193 1914 1221 1949 8,
1236 1915 1272 1949 23
1293 1914 1324 1943 ii.
1340 1915 1370 1949 3,
1385 1916 1416 1950 5,
1432 1916 1448 1943 1

931 1963 991 1993 Jus
1006 1972 1089 2001 saepe
1108 1963 1333 1992 remittendum
1354 1967 1391 1992 ut
1411 1964 1529 1993 bellum
1547 1965 1678 1996 vitetur.
1698 1966 1733 1996 ii.

971 2016 1020 2047 24,
1037 2017 1065 2048 1,
1080 2016 1107 2048 1,
1123 2016 1158 2042 2:
1180 2015 1207 2049 1,
1223 2015 1252 2049 3,
1267 2015 1295 2049 4,
1310 2015 1338 2043 1.
1380 2013 1503 2042 Luendi
1526 2015 1668 2052 pignoris
1690 2025 1731 2045 an

970 2066 1115 2101 tempore
1130 2063 1306 2091 amittatur.
1328 2062 1360 2090 ii.
1375 2064 1406 2096 4,
1423 2064 1470 2099 15,
1485 2062 1513 2092 δι
1529 2065 1560 2100 3,
1575 2066 1624 2101 20,
1638 2065 1657 2095 6

931 2113 1065 2143 Justitia
1079 2112 1247 2151 expletrix.
1270 2112 1293 2141 i.
1307 2113 1335 2148 1,
1349 2113 1378 2148 8,
1394 2114 1410 2140 1

930 2163 1064 2194 ,Iustitia
1086 2161 1283 2197 attribuunt,
1305 2161 1530 2198 διανεμητικιί.
1555 2162 1633 2193 ibid.
1676 2164 1731 2193 An

970 2215 1095 2241 tantum
1113 2211 1196 2239 circa
1209 2220 1259 2239 res
1270 2220 1465 2245 communes,
1481 2212 1638 2249 expletrix
1649 2213 1733 2243 circa

971 2270 1022 2290 res
1037 2259 1233 2298 singulorum
1248 2262 1402 2289 versetur.
1425 2259 1446 2288 i.
1462 2261 1489 2296 1,
1503 2260 1532 2290 8.
1547 2262 1566 2290 2

1312 2375 1350 2405 L.

932 2459 1159 2489 Lacedaemone
1172 2465 1270 2495 nepos
1285 2466 1322 2485 ex
1337 2456 1401 2485 filio
1417 2457 1534 2495 majore
1545 2457 1609 2488 filio
1619 2460 1734 2492 minori

973 2512 1050 2538 natu
1064 2508 1096 2536 in
1112 2516 1212 2545 regno
1227 2507 1387 2544 praelatus.
1408 2506 1441 2536 ii.
1459 2507 1487 2543 7,
1501 2508 1550 2544 30,
1564 2510 1591 2538 3.
1633 2511 1733 2542 Filius

971 2567 1047 2596 rege
1069 2560 1159 2595 patre
1181 2560 1274 2585 natus
1297 2556 1526 2594 praeferebatur
1547 2562 1621 2588 ante
1644 2564 1733 2592 nato.

973 2609 1007 2637 ii.
1022 2609 1051 2643 7,
1065 2608 1103 2637 29

932 2655 1163 2687 Lacedaemonii
1177 2655 1284 2684 dolum
1298 2655 1330 2684 in
1345 2655 1429 2686 bello
1443 2655 1543 2694 pluris
1558 2666 1651 2696 quam
1667 2659 1733 2689 vim

972 2706 1143 2734 faciebant.
1171 2704 1214 2733 iii.
1233 2706 1259 2741 1,
1275 2704 1302 2738 6,
1319 2706 1338 2733 2

933 2753 1245 2783 Lacedaemoniorum
1268 2763 1335 2783 mos
1353 2754 1392 2783 de
1407 2755 1493 2793 agris
1507 2755 1620 2794 captis.
1644 2756 1685 2787 iii.
1703 2757 1732 2795 6,

974 2805 1022 2839 11,
1038 2805 1056 2831 2

933 2854 1096 2883 Laconum
1105 2852 1160 2889 jus
1173 2852 1205 2880 in
1220 2852 1420 2883 Messeniam.
1443 2852 1474 2883 ii.
1492 2853 1522 2889 4,
1537 2855 1565 2892 2,
1581 2857 1597 2886 1

935 2902 1090 2940 Λάφυρα.
1110 2901 1154 2930 iii.
1170 2901 1199 2937 6,
1214 2903 1263 2938 24,
1277 2902 1296 2930 4
