1971 3326
724 190 788 227 Ao
819 191 954 226 VERB
960 191 1118 228 ORUM.

84 305 219 335 Dierum
246 315 306 335 vox
331 306 363 335 in
385 306 558 336 foederibus
580 306 740 345 quomodo
765 306 884 336 intelli-

121 355 238 392 genda.
259 355 290 383 ii.
309 356 357 391 16,
372 356 391 385 5

81 403 153 433 Diis
167 405 321 443 asscripta
334 414 404 443 quae
427 405 503 444 juris
522 408 596 435 sunt
610 405 766 445 gentium.
788 405 820 433 ii.
836 404 884 441 19,

123 456 151 491 1,
165 456 184 483 2

83 503 310 542 Δικαιώματα.
331 504 351 534 i.
369 506 396 541 1,
410 505 439 541 9,
454 507 473 534 2

83 554 269 588 Δικαστική
283 563 354 592 quae
370 554 548 584 Aristoteli.
570 555 589 584 i.
603 556 632 591 3,
645 555 673 591 6,
687 557 706 584 2

82 602 326 641 Diligendorum
341 605 471 642 gradus,
492 605 512 633 i.
528 607 556 640 2,
570 606 599 640 8,
616 607 653 634 10

82 652 255 683 Dimicatio
269 654 437 692 singularis
453 654 566 692 quibus
582 655 705 684 casibus
720 654 818 684 licita.
840 654 884 683 iii.

122 703 150 738 1,
165 703 203 732 15

82 751 313 782 Dimicationes
328 754 394 783 sine
407 753 512 783 fructu
526 753 653 782 illicitae.
674 753 716 782 iii.
734 755 783 790 11,
798 753 836 783 19

83 801 259 832 Dimidium
275 804 401 833 navium
423 804 462 833 de
481 803 616 842 integris
630 803 886 842 intelligendum.

121 851 154 881 ii.
169 853 218 889 16,
235 854 255 882 5

82 901 231 940 Direptio
246 904 361 941 praedae
375 903 487 942 qualis.
509 903 553 932 iii.
569 903 598 939 6,
612 904 650 932 18

81 950 282 990 Direptionis
315 954 524 983 concedendae
557 956 613 982 aut
646 953 800 992 negandae
833 962 886 982 ra-

123 1001 237 1031 tiones.
258 1002 305 1032 iii.
317 1003 346 1039 6,
362 1005 408 1039 18,
424 1005 442 1032 2

82 1050 263 1089 Disciplina
276 1052 423 1081 militaris
441 1053 596 1082 Romana.
618 1052 661 1081 iii.
679 1054 727 1087 18,
741 1053 768 1088 1,
784 1053 802 1080 2

82 1099 298 1138 Dispensandi
313 1101 345 1130 in
360 1102 431 1140 lege
446 1102 564 1140 poenali
574 1111 675 1131 causae
688 1111 768 1140 quae.
790 1101 822 1130 ii.
837 1102 886 1137 20,

122 1151 171 1186 25,
185 1151 224 1181 26

82 1199 288 1237 Dispensatio
310 1199 517 1238 distinguitur
540 1201 579 1228 ab
602 1200 764 1238 aequitate.
788 1199 821 1228 ii.
837 1200 886 1236 20,

122 1249 160 1278 27

84 1297 305 1328 Dissimulatio
320 1307 360 1327 an
375 1299 472 1327 licita.
495 1298 537 1327 iii.
554 1300 583 1333 1,
598 1299 616 1329 7

82 1347 208 1377 Divisio
235 1356 341 1376 rerum
364 1348 404 1376 ad
426 1348 545 1377 bellum
570 1347 744 1377 vitandum.
768 1347 799 1376 ii.
814 1348 842 1384 1,
857 1349 885 1384 2,

123 1398 152 1434 5,
167 1397 194 1426 δι
211 1399 241 1435 2,
256 1399 287 1431 8,
303 1399 320 1426 1

83 1446 231 1477 Divortia
244 1447 319 1476 olim
335 1447 432 1483 licita,
450 1446 637 1476 Christianis
652 1445 822 1484 prohibita.
853 1445 885 1474 ii.

122 1498 151 1533 5,
165 1496 194 1532 9,
209 1498 228 1525 2

83 1547 137 1577 Do
152 1550 188 1577 ut
202 1547 268 1577 des.
289 1547 321 1576 ii.
336 1548 386 1581 12,
401 1548 431 1583 3,
446 1549 463 1576 1

84 1597 187 1626 Dolor
200 1605 263 1626 non
279 1597 335 1626 dat
344 1597 398 1635 jus
410 1596 584 1625 occidendi.
604 1593 646 1624 iii.
663 1597 712 1630 11,
728 1595 777 1633 16,
792 1595 812 1625 5

85 1645 188 1676 Dolus
202 1646 304 1674 bonus
319 1645 400 1684 quis.
420 1645 462 1674 iii.
481 1647 508 1681 1,
523 1645 552 1681 6,
566 1646 595 1674 3.
636 1645 690 1674 An
711 1654 749 1674 ex
767 1653 886 1682 genere

125 1704 250 1734 semper
263 1695 431 1724 malorum.
452 1695 497 1724 iii.
512 1697 539 1731 1,
562 1694 591 1731 6,
611 1696 640 1724 4.
683 1695 722 1723 In
742 1694 827 1723 bello
845 1703 886 1722 an

125 1744 242 1780 licitus,
263 1747 296 1773 et
316 1744 397 1781 quis.
427 1743 469 1772 iii.
488 1746 519 1781 1,
537 1743 568 1779 6,
591 1745 621 1778 1,
642 1744 670 1771 2.
714 1742 790 1770 Doli
811 1742 887 1770 maii

125 1804 196 1823 vox.
217 1793 253 1822 ii.
267 1795 315 1829 10,
332 1795 360 1829 2,
375 1795 405 1822 2.
435 1793 519 1821 Dolo
535 1791 723 1821 contrahens
737 1791 777 1819 ad
792 1800 887 1829 quam

127 1843 363 1873 restitutionem
391 1845 549 1871 teneatur.
583 1841 615 1869 ii.
646 1842 694 1877 17,
723 1841 771 1870 17.
820 1841 888 1869 Res

126 1893 262 1923 hostium
288 1901 402 1931 capere
424 1892 511 1921 licet.
542 1891 586 1920 iii.
606 1890 635 1925 6,
655 1892 703 1926 12,
724 1892 753 1919 2.
795 1889 888 1918 Dolis

126 1943 285 1973 abstinere
299 1950 500 1980 generosum.
521 1940 563 1969 iii.
582 1942 609 1976 1,
624 1941 673 1976 20,
689 1941 706 1968 1

86 1993 238 2024 Domanii
259 1993 382 2021 fructus
402 1989 618 2029 distinguendi
633 1999 652 2018 a
666 1989 823 2019 domanio.
854 1988 887 2018 ii.

126 2043 156 2080 6,
170 2044 208 2072 12

89 2092 292 2123 Domanium.
329 2090 406 2121 Vide
421 2089 652 2119 Patrimonium
667 2088 789 2126 populi.

86 2142 274 2173 Dominatio
288 2149 461 2180 paucorum
476 2138 517 2168 ad
534 2146 669 2176 regnum
683 2137 815 2166 accedit.
844 2136 890 2167 iii.

128 2192 178 2230 15,
194 2193 214 2221 8

88 2241 275 2271 Dominium
291 2242 468 2269 externum.
490 2238 534 2267 iii.
548 2237 578 2274 6,
593 2238 622 2272 3,
637 2237 665 2266 1.
693 2235 892 2265 Naturaliter

129 2293 163 2320 et
175 2299 233 2328 per
246 2290 342 2319 alium
358 2288 542 2327 acquiritur.
564 2287 606 2316 iii.
622 2286 650 2322 6,
659 2287 688 2322 9,
704 2288 732 2314 1.
767 2285 891 2314 Furiosi

128 2341 224 2378 unde,
244 2340 276 2369 ii.
292 2342 320 2376 3,
335 2339 367 2370 6.
408 2338 545 2368 Infantis
568 2337 662 2366 unde.
688 2335 764 2364 ibid.
807 2335 892 2364 Con-

130 2391 331 2420 ditionatum.
353 2389 385 2417 ii.
400 2390 429 2424 3,
443 2388 491 2423 16,
506 2389 535 2417 1.
575 2387 706 2420 Rerum,
726 2393 797 2422 quae
811 2393 891 2422 pon-

130 2441 215 2475 dere,
228 2447 384 2472 mensura,
400 2440 432 2465 et
445 2444 576 2465 numero
591 2436 750 2468 constant,
766 2433 892 2470 quando

131 2490 282 2518 transeat.
304 2487 338 2515 ii.
350 2486 459 2524 10,12.
481 2485 658 2514 Externum
673 2483 740 2511 sine
754 2482 890 2513 interno.

129 2537 174 2566 iii.
191 2537 219 2572 7,
233 2535 262 2571 6,
277 2535 305 2570 1,
320 2535 340 2563 3

88 2585 241 2618 Dominia
255 2582 414 2622 quomodo
428 2581 588 2610 intereant
603 2580 727 2609 sublato
738 2579 890 2617 subjecto.

132 2636 163 2665 ii.
181 2632 430 2671 9‚1,&2,1,3‚
448 2630 595 2666 &1‚4,1

93 2684 251 2716 Dominus
264 2682 311 2711 rei
324 2679 539 2719 praeferendus
554 2678 594 2713 ei,
617 2677 672 2715 qui
688 2677 845 2715 deposuit,
861 2679 893 2706 et

134 2742 243 2772 quare.
273 2732 303 2761 ii.
328 2732 376 2766 10,
399 2731 426 2766 1,
453 2730 481 2758 4.
525 2727 589 2763 Qui
614 2726 827 2762 denunciavit,
853 2736 893 2755 ne

135 2792 226 2813 servo
241 2781 432 2814 crederetur,
446 2780 575 2807 tenetur
589 2776 628 2805 de
649 2775 774 2814 peculio
794 2778 848 2804 aut
861 2776 893 2804 in

132 2841 200 2861 rem
214 2838 315 2859 verso.
337 2828 368 2857 ii.
385 2829 432 2863 10,
447 2828 476 2863 2,
490 2828 508 2854 2

93 2882 268 2914 Dominum
286 2879 344 2914 rei,
367 2886 461 2916 quam
482 2875 633 2914 possidet,
655 2875 815 2914 ignorans,
837 2882 892 2904 ne-

134 2931 212 2961 mini
227 2931 364 2960 tenetur.
404 2927 436 2957 ii.
452 2927 501 2961 10,
517 2927 554 2955 11

1679 188 1761 229 419

954 307 1085 336 Domini
1100 316 1217 341 rerum,
1234 316 1305 346 quae
1327 308 1366 337 de
1381 307 1452 336 navi
1469 307 1566 346 jactae
1586 309 1672 344 sunt,
1686 315 1761 346 par-

991 360 1055 387 tem
1071 357 1111 385 ab
1127 357 1196 385 aliis
1217 360 1379 395 repetunt.
1402 357 1433 386 ii.
1451 359 1498 394 10,
1518 358 1548 394 9,
1563 359 1582 386 2

952 406 1074 435 Domos
1089 407 1258 436 incendere
1273 407 1493 436 inhumanum.
1514 408 1558 438 iii.
1574 410 1622 444 12,
1638 409 1666 444 2,
1681 408 1700 437 2

952 456 1082 485 Donare
1096 465 1154 495 pro
1169 457 1359 494 transigere.
1381 458 1415 486 ii.
1431 457 1478 494 16,
1493 459 1512 487 5

952 507 1094 536 Donatio
1109 516 1148 536 an
1164 508 1325 546 acceptari
1340 508 1441 546 possit
1452 509 1578 536 mortuo
1594 507 1758 536 donatore.

993 557 1024 585 ii.
1043 559 1093 592 11,
1108 558 1144 586 17

953 606 1154 636 Donationes
1176 617 1195 636 a
1216 606 1377 646 magistris
1391 607 1528 637 militum
1544 607 1648 637 factae.
1670 606 1715 636 iii.
1731 605 1760 643 6,

994 659 1030 686 17
1036 679 1044 692 ,
1058 657 1077 687 6

955 705 1151 744 Δωροφόροι
1166 706 1247 735 Servi
1261 706 1355 736 unde.
1377 707 1421 736 iii.
1437 707 1487 741 14,
1503 707 1532 742 5,
1547 707 1566 735 3

954 755 1112 784 Dubitare
1128 756 1198 793 quis
1216 759 1323 793 potest
1338 756 1596 794 contemplative,
1617 763 1681 784 non
1704 763 1760 784 ac-

994 802 1067 830 tive.
1087 802 1120 830 ii.
1136 802 1185 838 26,
1200 803 1230 839 4,
1247 804 1265 830 2

954 850 1115 880 Dubitans
1131 852 1276 880 subditus
1298 861 1338 880 an
1361 854 1448 881 recte
1470 852 1595 880 militet.
1618 851 1651 879 ii.
1665 850 1715 887 26,
1732 850 1761 886 1,

995 902 1026 935 4,
1040 902 1071 931 8.
1111 901 1244 939 Dejure
1261 902 1336 939 quid
1351 902 1455 930 facere
1471 902 1596 930 debeat.
1618 900 1649 928 ii.
1666 901 1717 935 23,
1730 900 1761 935 3,

994 949 1022 977 4.
1068 949 1236 983 Quomodo
1257 949 1297 977 ad
1312 948 1523 987 judicandum
1537 947 1632 986 dirigi
1647 946 1759 985 possit.

993 998 1025 1028 ii.
1042 1000 1091 1035 23,
1107 1001 1135 1035 2,
1150 1001 1186 1035 23
1207 999 1239 1030 ii.
1256 1000 1305 1034 23,
1318 999 1347 1035 5,
1363 999 1379 1027 1

954 1045 1119 1075 Duellum.
1167 1046 1242 1075 Vide
1256 1047 1429 1075 Dimicatio
1444 1046 1627 1084 singularis.

954 1095 1031 1124 Dux
1042 1095 1170 1133 proprie
1183 1096 1261 1133 quis.
1283 1096 1324 1124 iii.
1338 1097 1389 1130 22,
1399 1098 1427 1124 1.
1471 1095 1591 1124 Milites
1601 1096 1760 1133 quatenus

995 1145 1127 1183 obliget.
1159 1146 1201 1174 iii.
1218 1146 1267 1181 22,
1282 1145 1313 1175 6.
1354 1145 1405 1174 De
1430 1145 1505 1174 belli
1530 1145 1631 1174 causis
1653 1147 1759 1173 trans-

993 1194 1082 1232 igere
1101 1203 1165 1223 non
1185 1197 1301 1232 potest.
1324 1194 1366 1222 iii.
1384 1196 1432 1230 22,
1448 1195 1476 1224 7.
1520 1194 1669 1223 Inducias
1684 1194 1761 1222 dare

994 1246 1113 1281 potest.
1134 1244 1177 1272 iii.
1195 1245 1244 1279 22,
1257 1245 1288 1272 8.
1324 1243 1488 1280 Homines,
1503 1243 1647 1281 imperia,
1662 1251 1759 1280 agros

988 1293 1057 1332 jam
1073 1293 1228 1331 acquisita
1243 1293 1416 1322 concedere
1431 1302 1494 1322 non
1511 1295 1629 1331 potest.
1651 1292 1695 1320 iii.
1709 1293 1759 1328 22,

994 1343 1027 1377 9,
1041 1344 1072 1379 1,
1086 1344 1115 1372 2.
1159 1342 1351 1371 Condonare
1374 1345 1482 1377 potest
1504 1342 1646 1371 nondum
1671 1350 1760 1379 quae-

994 1393 1066 1427 sita,
1082 1391 1177 1420 etiam
1192 1391 1247 1429 qui
1262 1400 1402 1420 summus
1417 1391 1481 1420 dux
1496 1400 1560 1420 non
1577 1393 1635 1420 est.
1660 1389 1738 1418 ibid.

954 1441 1054 1471 Ducis
1068 1441 1143 1470 belli
1153 1441 1206 1479 jus
1221 1441 1369 1470 eximium
1385 1441 1417 1469 in
1432 1441 1548 1479 praeda.
1572 1440 1618 1469 iii.
1632 1440 1662 1475 6,
1677 1440 1724 1475 17,
1739 1440 1759 1468 3

954 1491 1063 1520 Duces
1086 1490 1162 1519 belli
1182 1490 1416 1527 dispensatores
1441 1490 1557 1527 praedae
1581 1489 1667 1527 apud
1692 1489 1761 1517 Ro.

994 1548 1114 1568 manos.
1148 1539 1192 1569 iii.
1221 1538 1251 1574 6,
1278 1539 1328 1568 15.
1374 1538 1511 1567 Romani
1540 1538 1700 1576 quomodo
1726 1546 1760 1566 se

994 1589 1153 1628 gesserint
1176 1589 1260 1617 circa
1286 1588 1437 1626 praedam.
1480 1587 1524 1616 iii.
1553 1587 1583 1623 6,
1607 1587 1654 1623 16,
1678 1588 1707 1622 1,
1727 1587 1757 1616 2.

996 1639 1132 1674 Quidam
1149 1638 1188 1666 de
1202 1637 1310 1675 praeda
1321 1637 1399 1665 nihil
1413 1637 1650 1674 decerpserunt.
1672 1635 1714 1664 iii.
1731 1635 1761 1672 6,

995 1689 1043 1724 16,
1056 1690 1083 1724 1,
1095 1687 1122 1717 ἃ.
1134 1688 1183 1724 17,
1192 1689 1220 1716 4.
1246 1687 1415 1722 Quomodo
1425 1687 1608 1724 obligentur
1622 1695 1662 1715 ex
1674 1685 1761 1715 bello

994 1738 1124 1776 injusto.
1148 1737 1191 1766 iii.
1210 1738 1257 1774 10,
1273 1738 1292 1765 4

955 1786 1083 1816 Ducum
1117 1789 1211 1824 pacta
1244 1795 1338 1824 quam
1376 1785 1532 1823 recipiant
1566 1785 1760 1823 interpreta-

995 1836 1125 1865 tionem.
1148 1835 1191 1864 iii.
1206 1836 1258 1870 22,
1274 1836 1311 1863 11

955 1884 1093 1914 Duratio
1107 1884 1153 1913 rei
1167 1886 1313 1913 naturam
1329 1892 1392 1913 non
1407 1886 1522 1914 mutat.
1543 1883 1563 1913 i.
1578 1884 1607 1920 3,
1623 1884 1660 1912 11

1331 2051 1374 2081 E.

955 2135 1100 2165 Ecclesia
1119 2135 1174 2174 jus
1201 2143 1242 2164 an
1266 2134 1383 2163 habeat
1412 2133 1444 2161 in
1472 2132 1626 2162 infideles.
1660 2132 1693 2163 ii.
1709 2134 1761 2169 22,

997 2187 1046 2220 14,
1062 2188 1079 2214 1

956 2233 1118 2263 Ἐκδικεῖν
1132 2234 1209 2272 quid
1223 2233 1309 2271 apud
1324 2232 1459 2262 Paulum
1471 2231 1676 2270 Apostolum.
1696 2231 1718 2261 i.
1733 2233 1762 2268 3,

996 2286 1027 2321 5,
1041 2284 1061 2314 6

959 2333 1077 2372 Εἰρήνη
1093 2333 1183 2371 quid.
1202 2332 1236 2361 ii.
1251 2333 1298 2367 15,
1312 2333 1342 2367 5,
1355 2334 1375 2361 3

958 2383 1103 2413 Eleazari
1117 2384 1250 2411 factum.
1272 2381 1316 2410 iii.
1331 2383 1361 2415 4,
1375 2382 1422 2416 18,
1437 2381 1456 2409 2

958 2432 1090 2469 Eligens
1110 2431 1275 2468 indignum
1286 2428 1468 2466 reipublicae
1478 2429 1615 2457 tenetur.
1635 2426 1667 2457 ii.
1684 2428 1732 2463 17,
1745 2430 1765 2458 3

959 2481 1078 2509 Emens
1098 2489 1165 2509 rem
1180 2479 1315 2507 alienam
1336 2478 1505 2506 restituere
1519 2485 1590 2505 eam
1604 2477 1763 2506 venditori

998 2539 1062 2559 non
1078 2531 1195 2567 potest.
1217 2528 1248 2556 ii.
1265 2528 1314 2565 10,
1331 2529 1368 2556 10

959 2578 1088 2608 Ementi
1103 2577 1219 2615 pignus
1233 2586 1252 2604 a
1266 2575 1421 2604 creditore
1436 2576 1564 2603 tenetur
1577 2573 1631 2611 qui
1646 2574 1764 2612 oppig-

999 2626 1135 2660 noravit,
1152 2625 1247 2653 etiam
1262 2624 1288 2652 si
1302 2632 1352 2652 res
1362 2622 1403 2651 sit
1413 2622 1525 2651 aliena.
1547 2621 1579 2650 ii.
1591 2623 1639 2657 10,
1648 2624 1677 2660 2,
1689 2624 1717 2650 2.
1725 2623 1760 2660 f

959 2676 1074 2705 Emtor
1094 2673 1141 2702 rei
1165 2675 1268 2710 captae
1289 2671 1374 2700 bello
1398 2670 1517 2708 injusto
1540 2678 1582 2698 an
1604 2670 1680 2708 quid
1702 2671 1762 2700 im.

999 2724 1107 2763 pendii
1121 2723 1267 2752 deducat.
1288 2721 1330 2750 iii.
1347 2720 1395 2757 16,
1411 2722 1431 2749 3

960 2772 1249 2811 Ἐναντιοφιίυεια.
1271 2772 1303 2800 ii.
1320 2771 1368 2809 16,
1384 2772 1413 2807 4,
1428 2772 1445 2800 1

959 2821 1227 2861 Ἐνεχυριασμοί.
1249 2821 1292 2850 iii.
1308 2822 1336 2857 2,
1353 2823 1380 2856 1,
1397 2822 1414 2849 2

960 2873 1131 2902 'Eva-omi.
1152 2872 1171 2901 i.
1189 2873 1216 2907 1,
1231 2871 1261 2908 9,
1277 2872 1296 2899 2

960 2922 1157 2951 Ἐπιείκεια.
1177 2921 1208 2949 ii.
1224 2920 1272 2957 16,
1286 2919 1335 2957 26,
1350 2920 1367 2948 l

1470 2974 1495 3015 2
1505 2973 1623 3018 7—-2
