1971 3326
115 477 216 502 Herod.
231 477 246 501 i.
260 477 297 502 88.

117 1292 176 1316 Lib.
188 1292 222 1316 iv.
237 1293 273 1316 14.

120 1423 169 1451 Ep.
184 1422 207 1449 7,
217 1421 240 1450 9,
255 1421 290 1446 10.

119 1453 176 1476 Lib.
192 1459 228 1475 ix.

119 1553 182 1583 Cap.
195 1553 217 1576 3.

336 152 421 194 236
506 159 978 196 TEMPERAMENTUM
1008 161 1160 196 CIRCA
1190 162 1558 199 VASTATIONEM
1618 163 1805 209 [L113.111.

268 305 273 311 ,
333 264 514 308 labunda
546 281 681 318 manu,
708 268 794 323 ipse
824 268 1016 310 hortatus
1038 273 1101 309 est
1124 268 1287 318 milites,
1325 275 1372 312 ut
1396 271 1647 314 Plutarchus
1677 274 1807 330 loqui-

334 337 417 381 tur,
440 331 521 373 iter
543 332 680 374 facere
703 338 900 388 tanquam
924 347 1000 388 per
1023 347 1255 375 concessam
1280 340 1322 376 et
1345 335 1528 391 ipsorum
1546 338 1634 393 jam
1656 340 1806 382 factam

333 396 556 453 regionem.
628 398 794 438 Croesus
837 398 950 454 Cyro
984 398 1173 447 suadens,
1221 413 1274 441 ne
1311 401 1490 457 Lydiam
1530 404 1807 459 populandam

333 462 453 504 militi
476 463 608 511 daret,
633 478 717 504 non
740 478 891 512 meam,
916 463 1060 519 inquit,
1086 465 1245 515 urbem,
1269 481 1354 507 non
1372 482 1440 510 res
1462 483 1578 510 meas
1601 470 1807 524 diripies:

333 529 449 570 nihil
482 529 594 570 enim
626 530 686 569 ad
716 543 780 571 me
804 529 903 582 jam
937 530 1027 572 ista
1050 532 1304 585 pertinent:
1353 541 1431 575 tua
1461 541 1589 576 sunt:
1626 542 1704 577 tua
1737 537 1809 578 illi

326 595 525 648 perdent.
926 591 929 594 ⁴

433 660 460 700 2
502 658 636 701 Aliter
670 658 740 714 qui
767 659 934 710 faciunt,
967 660 1010 702 in
1044 676 1114 704 eos
1148 678 1230 705 non
1258 664 1365 707 male
1393 666 1600 721 quadrant
1634 666 1704 709 illa
1734 668 1808 710 Jo-

334 729 459 766 castae
483 725 537 767 ad
561 724 800 783 Polynicem
824 727 952 769 verba
973 727 1253 772 Thebaidibus
1279 731 1460 782 Senecae,
1487 733 1612 786 (vers.
1639 734 1739 784 558,
1767 740 1809 776 et

332 792 464 846 seq.):

623 861 794 896 Petendo
814 862 974 907 patriam
995 864 1139 909 perdis:
1172 868 1214 900 ut
1235 865 1301 901 fiat
1321 869 1396 907 tua,

623 918 690 952 Vis
712 929 792 953 esse
812 919 975 953 nullam:
1012 921 1101 966 quin
1122 928 1196 956 tuae
1217 933 1336 957 causoe
1357 927 1468 958 nocet

625 975 753 1020 Ipsum
773 975 854 1017 hoc,
875 976 974 1021 quod
994 978 1106 1012 armis
1127 980 1203 1013 uris
1224 979 1367 1014 infestis
1389 980 1520 1021 solum,

626 1032 853 1078 Segetcsque
874 1033 1019 1068 adultas
1041 1035 1185 1076 sternis,
1206 1040 1245 1070 et
1265 1039 1363 1071 totos
1383 1037 1511 1082 fugam

624 1088 714 1122 Edis
735 1100 803 1134 per
823 1100 941 1134 agros.
991 1091 1114 1126 Nemo
1134 1093 1185 1126 sic
1206 1097 1327 1127 vastat
1347 1105 1424 1128 sua.

625 1144 716 1184 Quae
737 1146 872 1191 corripi
891 1147 988 1192 igne,
1009 1158 1090 1193 quae
1111 1150 1200 1184 meti
1221 1150 1345 1195 gladio
1361 1151 1483 1196 jubes,

626 1201 758 1236 Aliena
779 1203 911 1239 credis.

334 1279 419 1320 Par
442 1292 583 1320 sensus
606 1278 717 1334 apud
743 1278 931 1320 Curtium
956 1279 1034 1322 illis
1058 1282 1220 1325 verbis:
1249 1285 1462 1339 quiequid
1484 1299 1568 1327 non
1591 1288 1806 1341 corrupis-

334 1353 437 1393 sent,
462 1346 652 1386 hostium
676 1359 760 1386 esse
784 1347 975 1400 confessi.
1041 1347 1165 1389 Unde
1189 1363 1271 1389 non
1294 1349 1418 1406 longe
1442 1351 1597 1392 abeunt
1623 1366 1684 1401 ea,
1714 1366 1807 1406 quae

337 1410 480 1452 Cicero
505 1410 546 1451 in
568 1409 697 1452 literis
720 1410 775 1451 ad
800 1410 982 1452 Atticum
1013 1412 1210 1468 disputat,
1234 1415 1433 1457 adversus
1462 1416 1647 1472 Pompeii
1679 1417 1808 1458 consi-

334 1475 434 1517 lium
469 1475 577 1517 fame
615 1475 794 1531 patriam
829 1477 1013 1519 necandi.
1085 1481 1222 1534 Atque
1255 1480 1332 1522 hoc
1366 1480 1529 1523 nomine
1564 1482 1808 1524 Alexander

336 1541 442 1583 Isius
476 1541 615 1597 culpat
645 1541 881 1598 Philippum
916 1542 1020 1584 libro
1052 1544 1216 1600 Polybii
1242 1560 1350 1595 xvn,
1387 1546 1500 1602 cujus
1525 1547 1655 1588 verba
1681 1547 1807 1589 latine

120 1622 178 1647 Lib.
191 1622 319 1647 xxxam.
334 1608 443 1649 hunc
466 1607 507 1648 in
533 1607 698 1649 modum
728 1607 854 1650 vertit
878 1608 1045 1651 Livius:
1080 1611 1126 1651 in
1150 1611 1254 1653 bello
1277 1627 1360 1654 non
1391 1614 1594 1668 conqmdi
1618 1613 1807 1668 (Philip-

325 1674 453 1729 pum)
479 1689 597 1729 aequo
620 1689 784 1728 eampo,
817 1689 952 1729 neque
974 1676 1145 1717 collatis
1176 1678 1314 1731 sigynis
1338 1679 1562 1728 dimicare,
1587 1681 1661 1720 sed
1692 1681 1807 1734 refa-

330 1741 513 1795 9ientem
537 1741 760 1781 incendere
795 1754 848 1781 ac
871 1742 1063 1795 diripere
1097 1743 1233 1792 urbes,
1268 1751 1308 1784 et
1334 1745 1593 1786 vincentium
1614 1747 1808 1800 praemia

333 1807 498 1848 vietum
519 1821 799 1861 corrumpere.
858 1807 920 1847 At
940 1821 1023 1848 non
1047 1809 1110 1849 sic
1135 1810 1337 1864 antiquos
1361 1811 1651 1852 Macedonum
1675 1826 1805 1866 reyes,

333 1920 432 1940 suam.
475 1910 650 1948 Procopius
674 1910 764 1939 initio
794 1910 1038 1939 Vandalicorum
1103 1921 1191 1949 quem
1214 1923 1435 1951 erpa-quamn&
1454 1915 1592 1952 populus
1612 1919 1714 1944 noster
1735 1915 1807 1945 est?

333 1960 474 1989 secundi.
518 1959 614 1998 (Cap.
631 1959 676 1997 1.)
716 1960 814 1997 Apud
831 1959 1036 1988 Helmoldum
1103 1971 1202 1999 quare
1226 1972 1299 2000 erqo
1319 1964 1491 1993 invenimur
1514 1965 1614 1993 hostes
1636 1965 1805 2000 nostrimet,

331 2010 406 2048 lego
422 2010 491 2039 Lib.
508 2019 532 2039 1.
547 2019 615 2048 cap.
628 2009 678 2039 66.
706 2009 818 2038 Nonne
832 2013 928 2046 terra,
943 2019 1037 2048 quam
1103 2015 1132 2040 et
1153 2012 1358 2050 dissipatores
1380 2015 1576 2052 vectiqaliztm
1603 2018 1778 2044 nostrorum
1790 2015 1806 2045 ‚⁹

332 2060 540 2096 devastamus,
555 2063 641 2089 terra
655 2062 762 2088 nostra
777 2061 830 2094 est,
849 2062 877 2087 et
886 2059 1036 2096 populus,
1103 2069 1173 2089 cum
1189 2061 1237 2089 his
1253 2063 1456 2099 conveniunt,
1473 2073 1543 2102 quae
1555 2064 1695 2094 Bembus
1709 2065 1805 2095 habet

334 2221 432 2263 Asia,
462 2221 592 2266 telling
621 2221 724 2256 them
754 2226 821 2257 not
851 2226 890 2257 to
922 2222 1072 2269 destroy
1101 2223 1201 2259 what
1225 2236 1297 2259 was
1323 2229 1362 2259 to
1393 2225 1441 2260 be
1471 2225 1569 2260 their
1594 2237 1687 2260 own.
1752 2227 1802 2261 So

334 2279 508 2320 Quintius
529 2278 710 2313 exhorted
726 2279 781 2313 his
797 2280 951 2315 soldiers
970 2285 1008 2315 to
1027 2281 1154 2315 march
1173 2281 1334 2327 through
1350 2282 1538 2328 Thessaly,
1552 2294 1591 2317 as
1605 2294 1627 2317 a
1644 2287 1803 2330 country

332 2336 485 2381 already
506 2335 604 2370 their
623 2347 716 2370 own.
770 2337 819 2370 So
842 2337 986 2371 Croesus
1012 2339 1091 2372 said
1113 2346 1150 2372 to
1178 2339 1306 2384 Cyrus,
1337 2342 1376 2373 to
1403 2339 1575 2374 dissuade
1603 2339 1680 2374 him
1703 2340 1802 2375 from

334 2393 489 2437 wasting
508 2393 639 2438 Lydia,
664 2393 745 2427 You
764 2394 839 2427 will
854 2400 914 2428 not
932 2395 1069 2440 destroy
1086 2407 1145 2440 my
1164 2396 1380 2441 possessionis,
1403 2397 1462 2430 but
1479 2394 1574 2441 yom-
1590 2409 1681 2431 own.

403 2454 424 2483 2
457 2450 511 2484 To
533 2449 639 2484 those
661 2450 743 2485 who
764 2450 812 2485 do
834 2450 1039 2493 otherwise,
1061 2463 1114 2487 we
1135 2464 1221 2498 may
1241 2453 1354 2498 apply
1373 2453 1467 2487 what
1487 2454 1639 2488 Jocasta
1659 2465 1741 2499 says
1763 2455 1802 2488 in

335 2508 496 2542 Seneca:
527 2508 605 2541 Yon
621 2508 759 2553 destroy
779 2520 874 2553 your
894 2514 1043 2554 country
1060 2510 1162 2544 while
1173 2522 1247 2555 you
1265 2516 1322 2555 try
1340 2517 1373 2544 to
1390 2511 1463 2544 win
1482 2511 1520 2552 it,
1537 2513 1593 2552 &a
1637 2511 1687 2545 So
1710 2512 1800 2546 Cur-

332 2565 417 2604 tius,
445 2565 554 2599 What
575 2565 651 2610 they
671 2565 804 2609 spoiled
823 2566 900 2610 they
927 2565 1194 2611 acknowledgyed
1213 2573 1246 2601 to
1274 2567 1394 2612 belong]
1423 2573 1456 2601 to
1483 2569 1536 2602 the
1564 2579 1695 2613 enemy.
1751 2569 1801 2603 So

333 2622 462 2656 Cicero
486 2632 618 2667 argues
650 2622 794 2667 against
814 2622 1012 2668 Pompey’s
1043 2623 1183 2668 design,
1205 2623 1248 2658 of
1272 2624 1453 2669 reducing
1481 2624 1538 2659 his
1569 2630 1727 2670 country
1752 2625 1802 2671 by

332 2678 481 2713 famine.
541 2678 627 2713 And
647 2689 695 2713 on
716 2679 789 2713 this
809 2679 955 2724 ground
976 2680 1189 2715 Alexander
1209 2681 1303 2715 Isius
1325 2680 1467 2716 blames
1489 2681 1624 2727 Philip,
1645 2693 1685 2717 as
1705 2683 1802 2728 Livy

332 2736 528 2770 translates
548 2736 645 2770 from
666 2736 856 2781 Polybius.

403 2793 468 2826 IV.
524 2797 541 2826 1
574 2793 619 2826 In
644 2793 708 2827 the
739 2793 841 2827 third
865 2794 983 2839 place,
1002 2793 1075 2827 this
1101 2793 1208 2828 holds
1239 2794 1272 2828 if
1298 2794 1363 2829 the
1391 2806 1525 2841 enemy
1550 2806 1619 2829 can
1644 2799 1800 2840 support

330 2848 483 2882 himself
499 2849 596 2883 from
618 2850 726 2884 other
742 2854 932 2895 quarters3
963 2861 1002 2884 as
1024 2851 1056 2883 if
1076 2850 1140 2885 the
1162 2862 1234 2892 sea,
1255 2862 1297 2886 or
1314 2852 1537 2886 boundaries
1568 2863 1616 2886 on
1642 2852 1800 2886 another

332 2904 422 2946 side,
448 2904 495 2939 be
525 2916 633 2951 open.
688 2907 738 2941 So
769 2907 1015 2943 Archidamus
1042 2907 1239 2954 exhorting
1263 2908 1328 2943 the
1349 2909 1674 2944 Laeedaemonians
1702 2908 1799 2943 from
