1971 3326
189 216 272 256 438

193 336 293 365 Sexus
313 338 360 364 est
376 336 451 373 quid
470 335 645 373 personale.
667 335 698 364 ii.
714 334 741 370 7,
759 335 805 370 18,
821 335 849 363 2.
894 332 994 361 Privi-

230 386 351 424 Iegium
379 386 480 424 majus
509 395 604 423 quam
632 385 736 414 aetatis
763 384 795 413 in
823 391 995 421 regnorum

231 435 438 464 successione.
460 435 490 464 ii.
507 435 536 472 7,
554 435 600 471 18,
616 436 632 462 1

197 484 310 513 Siculae
322 483 527 512 successionis
539 482 765 512 controversia.
786 481 818 509 ii.
833 480 861 516 7,
876 481 925 516 30,
939 481 958 508 2

194 534 293 572 Signa
307 533 491 562 voluntatis.
513 533 543 561 ii.
559 535 590 567 4,
604 534 623 561 3

194 584 300 623 Signis
314 583 452 612 hostium
467 583 514 611 uti
529 583 660 610 licitum.
685 581 727 610 iii.
744 581 771 617 1,
787 582 817 616 8,
832 581 851 608 4

195 632 393 671 Significatio
424 631 599 669 impropria
632 630 759 668 quando
788 628 998 658 admittenda.

234 684 265 712 ii.
283 683 331 718 16,
347 684 395 719 12,
411 684 439 711 2.
483 681 640 717 Strictior,
652 681 764 716 laxior,
780 683 812 709 et
834 680 947 709 media.
969 679 1000 708 ii.

235 733 284 770 16,
299 734 327 768 9,
344 734 392 767 10,
408 734 448 762 20

197 783 366 813 Silentium
392 792 456 811 non
478 783 613 811 liberum
636 782 715 810 nihil
736 783 896 819 operatur.
918 780 950 809 ii.
970 780 1001 814 4,

235 833 264 869 5,
286 834 314 862 3.
360 832 496 868 Quando
521 841 709 861 consensum
738 831 862 869 probet.
892 830 925 860 ii.
953 831 1001 867 15,

238 884 285 919 17,
302 885 317 911 1

198 933 367 962 Simulatio
384 942 454 971 quae
469 932 565 961 licita.
588 932 628 961 iii.
647 933 675 968 1,
690 933 707 962 7

197 982 417 1020 Singularium
434 981 641 1010 certaminum
659 982 761 1019 origo.
784 982 814 1010 ii.
830 983 878 1017 20,
890 982 918 1016 8,
933 982 952 1010 5

198 1032 390 1070 Singulatim
407 1032 492 1067 licet,
509 1031 593 1069 quod
610 1032 770 1069 gregatim
788 1040 851 1059 non
866 1032 950 1060 licet.
972 1031 1003 1060 ii.

238 1083 267 1117 5,
281 1083 330 1117 24,
345 1082 363 1109 2

200 1130 325 1167 Singuli
350 1129 477 1167 quando
505 1129 663 1167 punibiles
685 1138 725 1158 ex
747 1129 834 1158 facto
854 1130 1006 1158 universi-

238 1179 323 1208 tatis.
346 1179 379 1207 ii.
394 1180 444 1213 21,
457 1180 486 1214 8,
502 1180 520 1207 2

202 1228 343 1258 Societas
361 1237 380 1256 a
400 1228 526 1256 civitate
540 1230 573 1256 in
597 1236 660 1265 quo
676 1228 811 1257 differat.
835 1229 854 1257 i.
871 1230 899 1264 3,
914 1230 963 1264 21,
977 1231 1006 1259 7.

244 1279 353 1307 Civilis
375 1279 414 1306 ab
436 1278 574 1306 humano
596 1278 743 1306 instituto
765 1278 871 1316 coepit.
894 1279 913 1307 i.
933 1281 962 1315 4,
979 1280 1006 1315 7,

242 1332 271 1359 3.
314 1329 395 1358 Cum
418 1329 532 1366 quibus
553 1328 665 1356 illicita
688 1329 840 1357 Hebraeis.
862 1329 894 1357 ii.
912 1331 960 1364 15,
975 1330 1005 1364 9,

243 1381 271 1415 1,
286 1380 315 1409 5.
338 1379 485 1408 Profauis
501 1388 582 1416 quae,
600 1383 631 1407 et
646 1382 802 1416 quatenus
820 1379 1007 1416 periculosa,

244 1432 276 1458 et
293 1428 453 1466 quomodo
470 1428 617 1465 periculis
640 1428 760 1456 occurri
780 1429 889 1465 possit.
910 1429 940 1456 ii.
958 1430 1007 1466 15,

244 1481 292 1515 10,
307 1480 336 1507 2.
375 1478 597 1516 Negotiatoria
611 1487 650 1505 an
666 1478 737 1505 iniri
754 1478 862 1515 possit,
877 1482 913 1506 ut
927 1479 1008 1507 alter

242 1529 349 1558 damni
361 1528 508 1556 immunis
522 1528 572 1556 sit.
597 1528 628 1556 ii.
647 1530 692 1563 12,
706 1530 752 1564 24,
769 1530 797 1558 3.
834 1528 895 1557 Ubi
911 1538 1008 1566 opera

245 1582 278 1607 et
306 1578 440 1616 pecunia
467 1578 550 1606 inter
586 1587 619 1606 se
651 1580 889 1614 comparantur.
930 1578 1005 1606 ibid.

245 1628 340 1657 Num.
357 1629 388 1657 2.
429 1627 477 1655 Ex
500 1636 563 1664 qua
583 1627 666 1655 alter
687 1626 765 1654 nihil
788 1627 868 1654 lucri
890 1630 1008 1664 sperat,

243 1686 306 1706 non
328 1677 422 1705 valet.
444 1676 475 1705 ii.
493 1678 539 1711 12,
554 1678 602 1711 24,
622 1677 649 1704 3.
693 1676 858 1704 Bonorum
880 1676 1007 1704 univer-

247 1736 351 1756 sorum
376 1727 487 1764 qualis.
520 1726 596 1755 ibid.
640 1726 777 1755 Navalis.
806 1725 882 1756 Vide
897 1726 1008 1754 Admi-

247 1776 366 1804 ralitas.

205 1824 395 1853 Societatem
417 1827 520 1853 morte
540 1824 631 1859 finiti,
647 1833 709 1852 non
727 1824 862 1862 estjuris
879 1827 1006 1853 natura-

243 1873 282 1901 lis
297 1876 351 1901 aut
366 1873 523 1911 gentium.
546 1873 574 1901 ii.
592 1874 641 1906 16,
658 1874 704 1909 16,
720 1875 738 1902 4

205 1922 372 1951 Societatis
388 1922 509 1950 bellicae
524 1922 644 1951 divisio.
667 1923 697 1952 ii.
716 1924 762 1958 15,
778 1923 806 1959 6,
823 1925 842 1951 2

206 1971 365 2000 Societate
382 1969 445 2010 (in)
462 1975 569 2009 partes
585 1972 722 2009 aequales
738 1973 897 2010 quomodo
912 1973 1006 2002 iutel-

243 2021 391 2058 ligendze.
414 2021 447 2050 ii.
460 2023 509 2055 12,
526 2023 573 2057 21,
585 2023 600 2050 1

204 2069 315 2098 Socius
331 2070 448 2098 socium
473 2079 588 2108 cogere
608 2073 723 2108 potest,
745 2074 781 2100 ut
802 2074 865 2100 stet
886 2070 1007 2100 foederi.

244 2119 265 2146 i.
277 2120 306 2154 3,
321 2121 368 2154 24,
383 2120 402 2147 5

207 2168 290 2197 Socii
304 2170 395 2197 sociis
405 2169 457 2206 jus
473 2169 604 2197 reddere
626 2170 752 2205 debent,
774 2170 800 2198 si
823 2170 939 2198 subditi
961 2169 1009 2197 sui

245 2221 442 2246 accusentur.
477 2218 571 2247 Num.
602 2220 629 2247 4.
666 2219 741 2248 ibid.
798 2220 1009 2253 Defendeudi,

249 2267 385 2304 quaudo.
408 2268 439 2295 ii.
454 2269 501 2303 25,
517 2270 546 2297 4.
591 2268 655 2302 Qui
669 2270 732 2297 sint
753 2269 874 2307 injure
898 2270 1010 2307 postli-

246 2316 344 2345 minii.
367 2317 409 2346 iii.
425 2317 453 2353 9,
469 2319 495 2353 2,
512 2319 539 2346 1.
585 2318 720 2352 Quando
735 2322 857 2356 partem
873 2320 1011 2348 habeant

247 2364 278 2392 in
296 2365 412 2401 pracda.
434 2365 476 2393 iii.
489 2365 516 2400 6,
531 2367 578 2401 24,
594 2368 623 2394 2.
666 2366 704 2393 Iu
726 2367 809 2395 bello
831 2367 948 2405 injusto
972 2367 1011 2395 de

248 2414 369 2442 damnis
396 2417 556 2451 tenentur,
577 2416 736 2444 interdum
759 2420 790 2445 et
812 2417 916 2454 puniri
939 2426 1012 2455 pos-

251 2467 335 2493 sunt.
356 2463 400 2493 iii.
417 2465 443 2499 1,
458 2466 477 2493 3

211 2513 309 2541 Sociis
333 2513 422 2542 illata
443 2514 488 2542 vis
511 2514 637 2551 quando
660 2524 770 2552 pacem
793 2518 931 2554 rumpat.
967 2516 1010 2546 iii.

247 2563 298 2594 20,
314 2563 352 2590 33

211 2611 374 2640 Sociorum
396 2612 617 2641 controversiae
633 2612 769 2650 judicari
787 2615 946 2652 quomodo
961 2624 1012 2643 so-

249 2661 345 2690 leant.
368 2661 387 2690 i.
403 2663 431 2698 3,
447 2663 495 2698 21,
512 2663 541 2697 4,
556 2661 583 2692 6.
626 2662 658 2691 A
679 2663 770 2691 sociis
787 2672 1011 2701 oppressorum

250 2711 403 2748 exempla.
425 2712 444 2741 i.
463 2713 494 2748 3,
516 2714 564 2748 21,
584 2713 630 2743 10.
673 2713 816 2742 Plurium
838 2714 908 2751 quis
928 2723 1011 2751 prae-

250 2761 410 2791 ferendus.
431 2761 461 2790 ii.
486 2763 533 2798 15,
554 2764 601 2798 13,
623 2764 652 2799 1,
668 2764 696 2793 3.
738 2763 875 2792 Nomine
897 2773 937 2792 an
958 2764 1009 2792 fu-

252 2810 316 2837 turi
330 2811 470 2840 veniant.
492 2811 522 2840 ii.
541 2813 589 2847 10,
604 2813 651 2848 13,
668 2814 696 2849 1,
712 2814 731 2841 2

213 2858 319 2886 Socios
333 2859 364 2886 in
378 2860 497 2889 foeclere
513 2870 574 2890 non
589 2862 767 2891 nominatos
780 2862 932 2901 adjuvare
947 2872 1011 2893 non

254 2910 302 2936 est
316 2911 427 2937 contra
440 2910 553 2939 foedus.
575 2911 652 2941 ibid.
672 2910 750 2941 Not.
774 2912 804 2941 ii.
822 2915 841 2942 3

213 2955 389 2985 Sollicitare
403 2957 545 2986 subditos
560 2959 680 2988 alienos
695 2969 757 2988 non
773 2961 857 2990 licet.
873 2961 917 2991 iii.
931 2963 957 2997 1,
973 2963 1004 2990 2]

618 219 786 254 INDEX
816 218 1001 253 RERUM
1030 215 1436 256 PRAEOIPUARUM,

1063 331 1171 360 Solum
1197 331 1353 360 incultum
1381 339 1421 359 an
1450 329 1687 358 concedendum
1717 329 1868 359 externis.

1102 380 1134 410 ii.
1148 382 1177 416 2,
1191 381 1227 410 17

1065 429 1195 458 Sorores
1210 429 1288 458 duas
1303 429 1418 458 ducere
1433 428 1508 457 olim
1522 428 1658 457 licitum.
1680 428 1710 458 ii.
1725 429 1756 462 5,
1773 428 1821 463 14,
1837 429 1856 456 2

1066 478 1158 507 Sorte
1172 479 1307 516 amplius
1322 479 1448 516 quando
1463 478 1583 516 aliquid
1597 477 1683 507 licite
1698 477 1782 516 exigi
1797 485 1871 515 pos-

1105 527 1156 556 sit.
1178 528 1210 557 ii.
1226 529 1276 564 12,
1291 529 1330 556 22

1067 575 1169 605 Sortis
1183 586 1258 605 usus
1272 577 1311 605 ad
1323 577 1407 606 bella
1420 578 1558 606 vitanda.
1578 577 1612 606 ii.
1627 577 1675 613 23,
1691 577 1730 605 10

1068 628 1192 666 Sparta.
1237 627 1314 657 Vide
1328 628 1551 657 Lacedaemon.

1068 678 1224 716 Specialia
1240 678 1416 707 efficaciora
1429 678 1643 716 generalibus.
1665 676 1697 705 ii.
1715 676 1764 714 16,
1779 676 1827 712 29,
1842 676 1860 704 1

1070 728 1198 766 Species
1218 737 1291 766 pars
1311 728 1506 757 substantiae.
1529 728 1561 757 ii.
1577 729 1607 763 8,
1623 727 1672 763 19,
1686 728 1717 758 2.
1757 725 1875 764 Populi

1109 778 1268 815 quomodo
1293 777 1436 806 tollatur.
1458 777 1489 807 ii.
1507 777 1536 813 9,
1558 776 1587 806 6.
1625 777 1664 805 Id
1686 778 1744 811 est,
1764 776 1876 804 formae

1109 827 1218 864 plures
1238 827 1332 855 unius
1348 827 1392 856 rei
1407 826 1589 855 artificialis.
1613 826 1646 854 ii.
1660 826 1689 861 9,
1703 827 1732 861 8,
1747 826 1766 853 2

1072 877 1313 915 Specificatione
1324 886 1364 905 an
1378 886 1428 906 res
1443 877 1659 915 acquirantur.
1680 876 1713 904 ii.
1728 877 1758 912 8,
1773 875 1822 911 19,
1837 876 1875 904 21

1073 926 1321 964 Specificationis
1340 927 1395 965 jus
1417 927 1563 956 naturale
1590 926 1685 965 quale
1710 926 1760 956 sit.
1787 925 1820 955 ii.
1848 926 1880 962 8,

1113 976 1149 1006 19

1073 1026 1152 1064 Spes
1167 1025 1245 1054 lucri
1261 1025 1388 1063 quando
1403 1025 1508 1054 veniat
1523 1025 1555 1054 in
1576 1024 1823 1054 restitutionem.
1844 1023 1878 1052 ii.

1113 1076 1160 1110 17,
1174 1076 1202 1110 5,
1218 1076 1238 1104 3

1075 1124 1221 1162 Spiritus,
1236 1125 1268 1153 id
1284 1128 1340 1160 est,
1356 1125 1467 1154 forma.
1491 1125 1521 1153 ii.
1537 1125 1566 1160 9,
1580 1126 1611 1159 3,
1627 1126 1644 1153 1

1075 1175 1184 1212 Spolia
1213 1175 1296 1203 hosti
1324 1175 1468 1203 detracta
1500 1184 1636 1213 quorum
1668 1174 1742 1203 sint.
1778 1173 1821 1204 iii.
1850 1174 1879 1210 6,

1115 1226 1164 1260 12,
1178 1226 1197 1252 2

1074 1274 1216 1312 Spoliare
1225 1274 1349 1302 hostem
1362 1273 1520 1312 licetjure
1531 1273 1687 1312 gentium.
1706 1273 1751 1303 iii.
1767 1273 1796 1310 5,
1812 1275 1828 1302 1

1233 1324 1319 1361 quid.
1340 1324 1372 1352 il.
1390 1325 1437 1359 15,
1454 1324 1481 1359 6,
1499 1326 1514 1352 l

1076 1373 1210 1411 Sponsio
1232 1373 1321 1411 quid.
1344 1373 1374 1401 ii.
1394 1374 1440 1408 15,
1455 1374 1485 1406 3,
1506 1375 1534 1403 1.
1577 1372 1630 1402 An
1653 1381 1691 1401 ex
1713 1371 1827 1402 notitia
1848 1375 1881 1402 et

1115 1422 1241 1451 silentio
1263 1431 1371 1460 regem
1388 1425 1444 1450 aut
1458 1422 1613 1460 populum
1628 1421 1761 1460 obliget.
1782 1421 1814 1452 ii.
1830 1422 1879 1459 15,

1117 1472 1166 1508 17,
1184 1474 1199 1500 1

1077 1522 1261 1560 Sponsionis
1273 1521 1424 1551 Caudinae
1436 1524 1468 1551 et
1481 1521 1684 1550 Numantinae
1697 1524 1880 1550 controver-

1116 1572 1170 1601 sia.
1193 1572 1223 1600 ii.
1242 1574 1290 1609 15,
1303 1572 1349 1608 16,
1364 1574 1393 1608 1,
1408 1574 1440 1601 2.
1481 1572 1679 1601 Luctatianae
1694 1575 1880 1601 controver-

1116 1623 1169 1651 sia.
1194 1622 1225 1651 ii.
1242 1624 1288 1658 15,
1303 1624 1337 1652 17

1075 1674 1250 1711 Sponsores
1269 1674 1308 1702 ad
1334 1673 1410 1711 quid
1429 1676 1611 1709 teneantur,
1632 1672 1658 1702 si
1679 1673 1882 1711 improbetur

1114 1724 1254 1761 sponsio.
1274 1723 1305 1752 ii.
1323 1725 1368 1758 15,
1386 1723 1432 1758 16,
1447 1724 1474 1751 3.
1512 1723 1678 1752 Tenentur
1692 1723 1723 1751 in
1739 1723 1781 1758 id,
1794 1722 1881 1760 quod

1114 1774 1257 1803 interest.
1279 1773 1309 1801 ii.
1324 1775 1371 1809 15,
1386 1775 1414 1809 3,
1430 1774 1449 1802 3

1076 1825 1271 1862 Sponsorum
1295 1824 1379 1852 bona
1403 1824 1442 1851 ad
1463 1823 1507 1857 id,
1530 1823 1615 1861 quod
1636 1823 1778 1860 interest,
1800 1823 1880 1852 obli-

1114 1876 1200 1911 gata.
1222 1874 1253 1901 ii.
1271 1873 1404 1909 15,]6,3

1077 1920 1229 1957 Stipulari
1252 1929 1308 1958 pro
1331 1920 1427 1949 tertio
1448 1919 1637 1948 naturaliter
1656 1918 1741 1955 licet,
1763 1921 1796 1948 et
1817 1928 1880 1957 quo

1116 1970 1243 2000 effectu.
1268 1971 1299 1999 ii.
1313 1972 1360 2006 11,
1377 1972 1424 2006 18,
1441 1972 1468 1999 1.
1511 1969 1667 1998 Romanae
1687 1969 1776 2006 leges
1797 1969 1881 1997 circa

1115 2020 1353 2057 stipulationem
1369 2023 1425 2048 aut
1439 2019 1689 2057 acceptationem
1705 2027 1764 2057 pro
1773 2019 1879 2049 tertio.

1116 2071 1192 2099 ibid.
1211 2070 1311 2099 Num.
1327 2072 1345 2098 2

1078 2119 1233 2148 Studiosis
1257 2120 1419 2148 literarum
1443 2119 1637 2157 parcendum
1658 2118 1691 2147 in
1712 2118 1807 2148 bello.
1836 2119 1880 2149 iii.

1116 2171 1164 2204 11,
1180 2170 1227 2205 1,
1242 2171 1260 2197 2

1079 2219 1198 2256 Stupra
1212 2228 1251 2247 an
1267 2222 1380 2247 contra
1396 2218 1450 2257 jus
1470 2218 1616 2257 gentium
1630 2218 1662 2247 in
1677 2219 1772 2249 bello.
1793 2218 1836 2248 iii.
1851 2220 1880 2256 4,

1118 2270 1165 2304 19,
1182 2271 1198 2297 1

1080 2319 1143 2347 Sua
1157 2318 1276 2347 homini
1291 2327 1372 2356 qnae.
1395 2318 1426 2347 ii.
1440 2319 1487 2354 17,
1503 2320 1531 2354 2,
1547 2320 1562 2347 1

1080 2367 1206 2396 Subditi
1227 2367 1311 2395 hosti
1333 2367 1507 2395 militantes
1528 2376 1567 2395 an
1589 2376 1697 2405 pacem
1717 2371 1881 2406 rumpant.

1118 2417 1160 2446 iii.
1175 2418 1222 2452 20,
1237 2418 1286 2446 31.
1326 2416 1432 2445 Alieni
1453 2426 1492 2445 an
1508 2417 1591 2446 bello
1604 2417 1730 2446 defendi
1745 2419 1878 2456 possint.

1118 2466 1149 2494 ii.
1167 2467 1215 2501 25,
1230 2467 1257 2501 8,
1270 2467 1300 2495 1.
1341 2464 1407 2494 Eos
1423 2466 1592 2495 sollicitare
1609 2475 1672 2494 non
1686 2466 1771 2496 licet.
1793 2467 1836 2496 iii.
1852 2469 1881 2504 1,

1118 2518 1166 2545 21.
1192 2515 1328 2550 Quando
1332 2515 1419 2553 juste
1430 2515 1549 2544 bellum
1561 2518 1685 2553 gerant.
1700 2516 1731 2545 ii.
1746 2516 1796 2554 26,
1810 2518 1839 2553 2,
1850 2519 1880 2547 1.

1120 2565 1193 2600 Qui.
1214 2564 1291 2594 ibid.
1312 2564 1388 2594 Not.
1405 2566 1433 2594 1.
1468 2565 1617 2594 Hostium
1638 2565 1756 2603 ubique
1780 2566 1879 2596 offen-

1118 2615 1237 2643 duntur
1252 2614 1324 2652 jure
1342 2614 1428 2643 belli.
1449 2614 1492 2643 iii.
1508 2615 1538 2648 4,
1555 2614 1583 2650 6,
1596 2616 1626 2652 8,
1643 2616 1671 2644 1.
1712 2615 1882 2644 Reddendi

1118 2663 1341 2701 superioribus,
1356 2663 1382 2691 si
1396 2664 1480 2692 bello
1497 2663 1616 2702 injusto
1634 2664 1786 2694 abstracti
1806 2665 1880 2695 sint.

1117 2713 1159 2742 iii.
1176 2715 1225 2747 14,
1241 2714 1270 2742 4.
1314 2713 1481 2747 Quomodo
1497 2713 1576 2742 fiant
1588 2713 1758 2751 participes
1773 2714 1881 2744 delicti

1118 2762 1325 2800 superiorum.
1347 2762 1378 2791 ii.
1394 2764 1442 2798 21,
1457 2762 1483 2792 7.
1526 2763 1580 2792 An
1602 2772 1727 2801 semper
1747 2772 1780 2793 se
1793 2764 1826 2792 in
1839 2764 1879 2793 li-

1117 2811 1274 2840 bertatem
1295 2811 1456 2840 vindicare
1476 2812 1610 2849 possint.
1632 2812 1664 2842 ii.
1678 2814 1707 2848 4,
1722 2814 1772 2842 14.
1803 2812 1880 2842 Bel-

1115 2860 1183 2889 lare
1203 2863 1336 2898 possunt
1352 2860 1383 2889 in
1406 2861 1610 2898 magistratus
1627 2871 1756 2890 summae
1770 2864 1880 2900 potes-

1118 2910 1193 2939 tatis
1209 2910 1311 2948 jussu.
1332 2910 1353 2940 i.
1374 2911 1403 2946 4,
1424 2912 1452 2946 1,
1469 2912 1497 2940 2.
1539 2911 1701 2941 Resistere
1721 2911 1878 2949 imperan-

1116 2961 1202 2990 tibus
1223 2961 1431 2999 prohibentur
1446 2970 1484 2990 ex
1498 2961 1567 2999 ipsa
1581 2963 1696 2990 natura
1713 2961 1811 2990 civilis
1824 2970 1878 2990 so-
