1971 3326
120 320 220 349 Quaest.
235 319 283 344 Gr.

118 357 144 381 p.
158 350 204 374 295
216 355 241 374 Β.

122 580 163 604 De
176 580 243 610 offic.
256 579 271 604 i.
283 579 320 604 12.

123 1086 193 1111 Xen.
208 1086 248 1111 iii.

123 1119 220 1147 Cyri-op,
234 1125 255 1142 c.
270 1117 291 1142 1.

132 1148 136 1153 ”
151 1149 187 1171 20.

148 1179 180 1202 ib.
197 1185 219 1202 v.
236 1178 272 1202 lo.

122 1219 179 1243 Lib.
195 1220 238 1244 vii.
251 1220 274 1244 9.

121 1256 148 1274 n.
163 1250 200 1274 18.

127 1353 178 1377 Vit.
195 1353 270 1377 Dem.

142 1403 146 1406 .
161 1384 214 1407 891.

121 1390 254 1443 F[Strabo,

120 1444 181 1467 Lib.
196 1445 240 1467 vii.

121 1481 145 1504 p.
159 1474 245 1505 302.]]

338 180 423 223 268
629 187 1100 223 TEMPERAMENTUM
1131 185 1283 222 eIROA
1314 187 1519 223 CAPTOS.
1619 186 1716 231 [Lm.
1736 187 1806 223 111.

339 301 457 355 gesta
488 294 656 358 ἡμέρως
692 296 758 341 καὶ
795 298 1084 354 συγγενικῶς,
1124 304 1340 338 inconsuete
1376 305 1415 338 et
1450 298 1518 338 ita
1547 305 1595 339 ut
1627 299 1810 353 populos

339 365 674 418 consanquincos
697 364 883 405 decebat.
956 361 1000 402 Si
1033 360 1123 416 quis
1155 366 1300 417 captus
1325 367 1448 411 esset,
1474 376 1568 403 eum
1592 377 1618 404 a
1640 369 1809 419 captore

338 428 526 471 habitum
561 434 608 470 ut
641 428 843 483 hospitem
872 432 914 468 et
945 426 1027 468 fide
1056 426 1108 468 de
1137 426 1270 482 pretio
1300 433 1471 483 accepta
1505 427 1714 470 dimissum
1738 429 1809 471 do-

338 509 477 537 mum:
513 494 623 536 unde
646 498 788 534 natum
814 488 1048 552 δορυξένων
1070 507 1231 534 nomen.

440 561 467 601 2
514 558 762 602 Excelsioris
799 558 926 600 animi
957 563 1020 600 est
1052 557 1154 600 illud
1186 557 1345 616 Pyrrhi
1377 572 1404 601 a
1443 558 1640 601 Cicerone
1669 558 1810 602 lauda-

338 630 427 668 tum
444 641 454 668 :

567 693 673 730 yNec
694 694 745 728 mi
765 705 900 728 aurum
920 705 1045 740 posco,
1065 705 1135 729 nec
1154 694 1207 728 mi
1227 694 1392 740 pretium
1413 693 1610 729 dederitis:

569 752 686 787 Ferro
707 763 783 786 non
803 763 893 786 auro
914 752 1030 785 vitam
1051 762 1245 786 cernamus
1266 751 1433 797 utrique:

573 809 742 849 Quorum
762 809 894 843 virtuti
915 808 1004 842 belli
1023 808 1177 842 fortuna
1197 809 1366 854 pepercit

570 866 788 900 Eorundem
807 866 972 900 libertati
992 876 1053 899 me
1072 876 1226 911 parcere
1247 870 1392 900 certum
1412 868 1480 900 est.

340 944 437 986 Non
460 941 626 985 dubium
652 941 750 997 quin
773 940 997 983 crediderit
1015 941 1207 998 Pyrrhus
1225 940 1382 996 justum
1406 955 1431 983 a
1455 955 1499 982 se
1517 940 1669 983 bellum
1691 941 1809 999 geri:

340 1015 480 1052 tamen
503 1008 755 1065 parcendum
780 1006 1042 1048 existimabat
1065 1021 1208 1048 eorum
1233 1007 1428 1056 libertati,
1453 1021 1554 1062 quos
1577 1007 1811 1063 probabiles

341 1089 476 1118 causae
499 1074 541 1116 in
564 1073 715 1115 bellum
740 1072 939 1114 tulissent.
995 1072 1135 1114 Simile
1161 1072 1265 1129 Cyri
1288 1072 1442 1114 factum
1466 1073 1648 1115 celebrat
1671 1074 1810 1115 Xeno-

341 1141 478 1197 phon:
515 1138 696 1195 Philippi
727 1137 966 1180 Macedonis
992 1144 1086 1194 post
1114 1137 1326 1180 victoriam
1356 1138 1399 1179 in
1432 1139 1661 1181 Chaeronea
1684 1140 1810 1195 Poly-

342 1206 462 1249 bius:
498 1204 727 1247 Alexandri
759 1204 802 1245 in
834 1204 1014 1260 Scythas
1048 1204 1242 1246 Curtius:
1279 1204 1491 1246 Ptolemaei
1523 1205 1633 1261 regis
1657 1211 1700 1247 et
1725 1205 1810 1247 De-

307 1265 317 1271 ’
342 1272 492 1322 metrii,
517 1271 626 1314 inter
649 1285 693 1312 se
725 1285 806 1312 non
839 1270 946 1311 bello
977 1269 1110 1327 magis
1134 1284 1257 1325 quam
1281 1270 1324 1311 in
1347 1271 1530 1327 captivos
1555 1270 1811 1327 benignitate

342 1337 600 1386 certantium,
649 1336 908 1378 Plutarchus.
980 1335 1273 1392 Lysimachum
1318 1351 1417 1378 vero
1462 1337 1688 1379 z(letarum
1734 1351 1810 1378 rex

342 1403 643 1446 Dromichaetes
666 1402 772 1444 bello
792 1408 956 1457 captum
973 1401 1176 1457 hospitem
1200 1417 1317 1443 suum
1340 1402 1448 1451 fecit,
1471 1402 1811 1459 paupertatisque

340 1470 458 1513 simul
496 1469 654 1511 Geticae
689 1483 736 1510 ac
771 1466 974 1509 comitatis
1008 1472 1156 1509 testem
1190 1467 1344 1510 factum
1374 1468 1555 1525 perpulit
1582 1473 1629 1510 ut
1659 1468 1811 1511 talibus

341 1535 493 1585 amicis,
519 1549 641 1591 quam
666 1533 852 1576 hostibus
874 1533 938 1574 uti
961 1532 1117 1575 mallet.

342 1648 428 1684 dicit,
453 1657 511 1678 nec
537 1647 737 1684 Aristoteles,
761 1657 820 1677 nee
844 1647 1046 1677 Andronicus
1114 1659 1190 1684 τρα.
1234 1648 1312 1686 Pag.
1331 1649 1388 1677 222
1403 1656 1433 1677 Λ.
1475 1649 1509 1679 J.
1523 1648 1565 1678 B.

338 1698 484 1727 Rhodius
498 1698 530 1726 in
551 1697 750 1735 Pamphrasi,
768 1706 825 1726 nec
841 1697 979 1726 Michael
995 1697 1038 1726 E-
1167 1703 1180 1724 5
1216 1697 1285 1727 IVcc
1311 1698 1354 1726 mi
1381 1708 1493 1727 aurum
1521 1697 1636 1737 posco]
1669 1699 1809 1729 Similem

338 1748 478 1786 phesius,
502 1748 587 1777 unde
614 1747 722 1785 colligi
750 1749 856 1784 queat,
884 1747 944 1775 hoc
966 1746 1038 1784 lege
1109 1747 1229 1776 Tiberii
1252 1748 1426 1777 Christiani
1450 1749 1655 1786 Imperatoris
1676 1749 1709 1777 in
1732 1750 1810 1778 Per-

338 1799 475 1836 quadam
498 1798 657 1828 communi
680 1798 835 1826 sancitum
859 1806 927 1826 esse
953 1797 1039 1834 apud
1108 1807 1158 1826 sas
1173 1798 1347 1827 bonitatem
1363 1798 1473 1827 laudat
1488 1799 1664 1827 Menander
1677 1799 1810 1828 Protec-

340 1850 480 1878 Graeeos.
522 1850 625 1877 Immo
640 1848 740 1883 video,
763 1848 794 1875 in
810 1847 952 1876 oratione
966 1846 1038 1874 DE-
1108 1850 1168 1883 tor,
1186 1846 1318 1885 (Legat.
1334 1857 1408 1885 pag.
1424 1849 1490 1877 141.
1507 1850 1534 1876 1.
1556 1848 1620 1877 Ed.
1636 1847 1809 1885 Hoeschel.)

338 1906 535 1928 MOSTHENIS
572 1898 608 1926 (le
634 1897 715 1925 male
743 1896 829 1925 obita
856 1896 1039 1934 Leqatione,
1110 1896 1247 1925 Sisebuti
1264 1897 1418 1933 Mariana,
1436 1897 1512 1926 item
1528 1898 1645 1926 Sanctii
1661 1897 1809 1927 Castellae

341 1947 492 1985 Captivos
507 1947 659 1985 quosdam
675 1949 787 1974 mutuo
802 1946 961 1982 sumsisse,
980 1946 1038 1974 ali·
1109 1946 1202 1984 regia
1218 1946 1298 1975 libro
1313 1955 1363 1976 Χῖ.
1382 1948 1469 1984 (cap.
1485 1949 1514 1977 5.
1549 1947 1633 1976 Illud
1648 1950 1754 1976 autem
1769 1947 1809 1976 de

338 2007 391 2026 um
420 2001 481 2026 tres
509 1998 619 2033 minas,
646 1996 742 2024 alium
770 1996 914 2034 quinque,
941 1996 1038 2024 alium
1110 1995 1256 2024 Sisebuto
1271 1996 1390 2033 legitur
1405 1996 1531 2027 Lib.vr.
1549 1996 1677 2035 cap.3.)

338 2049 435 2084 prout
455 2046 568 2084 cuique
590 2045 787 2074 conditiones
809 2048 898 2073 erant
921 2054 1038 2082 propo-
1168 2051 1180 2065 z
1210 2046 1359 2074 Getarum
1384 2056 1440 2075 rex
1465 2045 1706 2085 Dromichoetes]
1736 2047 1807 2076 Me·

339 2096 428 2125 sitae:
450 2095 486 2124 Ὀ
506 2096 574 2133 μὲν,
595 2097 687 2132 τρεῖς
707 2095 798 2131 μνᾶς,
821 2093 837 2122 ὁ
860 2094 903 2130 δὲ,
924 2094 1038 2130 πέντε,
1109 2094 1202 2123 minit
1222 2098 1254 2124 et
1274 2096 1434 2125 Diodorus
1451 2095 1577 2125 Siculus
1591 2096 1622 2124 in
1637 2097 1808 2135 Eaecerptz‘s

339 2145 357 2175 ὁ
377 2146 421 2182 δὲ,
441 2145 530 2175 ὅπως
549 2144 739 2182 συνέβαινεν
754 2142 895 2181 ἑκάστῳ,
914 2143 960 2172 ’τά
981 2143 1040 2172 λύ-
1108 2144 1332 2175 Peirescianis.
1375 2145 1471 2184 (Pag.
1486 2146 1556 2184 257,
1570 2145 1657 2184 258.)

339 2314 467 2357 grants
487 2310 560 2345 this
589 2310 811 2356 indulgence
836 2314 876 2344 to
906 2321 1019 2356 many
1038 2309 1120 2344 who
1149 2309 1243 2344 have
1274 2320 1379 2343 come
1405 2310 1485 2344 into
1514 2308 1604 2344 debt
1628 2309 1680 2355 by
1708 2308 1807 2344 their

339 2379 421 2403 own
446 2371 518 2403 act.
569 2368 615 2402 In
642 2367 750 2402 other
780 2378 892 2407 cases,
919 2367 992 2401 this
1022 2367 1052 2400 is
1078 2366 1310 2400 determined
1337 2366 1387 2411 by
1411 2366 1480 2399 law
1506 2377 1548 2400 or
1570 2370 1736 2408 eustom3
1766 2377 1806 2401 as

337 2425 536 2471 anciently‚
564 2436 700 2470 among
731 2424 796 2459 the
828 2423 981 2465 Greeks,
1007 2422 1072 2457 the
1103 2433 1251 2457 ransom
1281 2433 1353 2457 was
1382 2426 1439 2457 set
1470 2426 1509 2457 at
1538 2434 1561 2457 a
1589 2424 1701 2464 mina,
1732 2423 1807 2457 and

338 2493 475 2528 among
506 2482 671 2522 soldiers,
698 2485 738 2515 at
762 2492 784 2515 a
810 2480 970 2514 month's
1000 2491 1084 2525 pay.
1146 2478 1326 2514 Plutarch
1357 2490 1439 2525 says
1466 2479 1549 2514 that
1577 2479 1643 2515 the
1675 2480 1807 2515 Corin-

337 2539 460 2574 thians
500 2539 574 2573 and
609 2539 829 2583 Megareans
865 2536 1008 2572 carried
1045 2547 1093 2571 on
1126 2547 1202 2570 war
1232 2536 1446 2581 humancly.
1502 2537 1674 2582 Captivos
1709 2548 1807 2572 were

338 2596 525 2631 reckoned
541 2606 580 2630 as
596 2595 660 2630 the
675 2598 801 2639 guests
815 2594 858 2628 of
870 2594 968 2628 their
983 2597 1140 2639 eaptors,
1155 2593 1229 2627 and
1246 2593 1438 2628 dismissed
1452 2604 1501 2628 on
1517 2593 1615 2628 their
1631 2594 1805 2639 promise.

410 2657 431 2687 2
471 2653 577 2687 More
598 2652 693 2697 lofty
704 2652 741 2685 in
759 2651 865 2696 spirit
881 2651 910 2685 is
930 2650 1029 2684 what
1046 2650 1174 2684 Cicero
1191 2654 1322 2695 quotes
1339 2650 1382 2684 of
1398 2650 1563 2696 Pyrrhus
1577 2648 1668 2695 (Off.
1684 2657 1709 2685 1.
1725 2649 1806 2693 12);

338 2720 378 2744 so
401 2710 541 2755 Cyrus3
565 2708 702 2754 Philip,
723 2707 820 2742 after
841 2707 1066 2748 Chaeronea3
1096 2707 1318 2748 Alexander,
1334 2707 1492 2741 towards
1513 2707 1578 2741 the
1592 2706 1805 2752 Scythians;

338 2766 512 2812 Ptolemy
532 2766 606 2800 and
626 2766 840 2800 Demetrius
870 2764 1097 2809 contending
1122 2764 1162 2797 in
1188 2764 1400 2809 generosity
1427 2767 1466 2798 to
1488 2764 1686 2809 prisonem,
1706 2775 1746 2798 as
1766 2764 1805 2796 in

339 2833 447 2856 ainis.
508 2821 789 2863 Dromichaetes,
817 2822 908 2866 king
932 2821 975 2855 of
1001 2820 1065 2855 the
1092 2820 1209 2862 Getae,
1236 2820 1346 2855 made
1375 2820 1616 2866 Lysimachus
1645 2819 1702 2854 his
1729 2820 1804 2865 pri-

340 2886 460 2916 soner,
495 2878 553 2912 his
577 2882 695 2922 guest,
726 2878 800 2912 and
830 2889 852 2912 a
881 2878 1028 2912 witness
1054 2877 1097 2912 of
1123 2877 1188 2911 the
1217 2880 1374 2923 poveity
1403 2877 1477 2911 and
1513 2877 1640 2922 equity
1668 2875 1711 2910 of
1739 2875 1803 2940 the

343 2932 459 2974 Getae,
478 2934 552 2967 and
572 2934 659 2969 thus
678 2935 813 2979 gained
833 2934 912 2968 him
933 2946 972 2969 as
992 2934 1050 2968 his
1070 2934 1205 2968 friend.
