1971 3326
78 328 104 345 v.
118 321 157 351 35,
169 321 194 345 et
201 327 271 351 seqq.

81 358 106 377 v.
117 352 141 383 8,
154 353 179 377 et
189 358 259 382 seqq.

78 514 149 539 Fest.
164 513 263 546 Pomp.

80 551 142 571 voce
156 546 227 571 Post.

82 1317 114 1341 L.
129 1315 165 1339 14.
182 1316 214 1339 D.
227 1315 261 1338 cle

80 1348 154 1376 capt.
167 1347 192 1371 et
200 1345 281 1376 posu.

79 1383 136 1402 rev.

81 1514 106 1538 Ι,
129 1514 165 1538 12.
178 1515 211 1538 D.
225 1514 282 1538 eod.

81 1545 122 1570 tlt.
136 1545 163 1569 d.
176 1545 313 1576 lwposll

300 190 383 234 170
809 195 878 229 DE
908 193 1191 229 POSTLIMIN
1194 192 1260 227 10.
1584 191 1681 236 [Lm.
1698 191 1769 228 111.

299 306 528 348 Homerum
549 319 632 348 uon
649 319 731 347 uno
755 304 798 346 in
821 304 909 347 loco
928 303 1113 345 videmus
1136 301 1244 344 bello
1268 304 1410 357 captos
1432 300 1476 342 in
1498 299 1596 342 loeis
1615 301 1773 357 pacatis

298 372 500 423 venditos,
529 377 577 415 ut
596 373 833 429 Lycaonem
852 371 1026 412 Iliados
1040 372 1078 413 Φ
1094 384 1104 419 ;
1141 367 1477 425 Eurymedusam
1498 368 1696 422 Odysseoe
1712 370 1772 411 H.

401 440 482 481 III.
523 439 657 481 Vetus
680 439 962 479 Romanorum
987 434 1137 477 locutio
1161 439 1349 490 receptos
1373 432 1620 489 postliminio
1645 433 1770 476 etiam

299 505 486 548 homines
507 504 659 546 liberos
683 504 860 545 dicebat.
923 502 1207 544 Postliminio
1230 508 1445 555 receptum
1469 498 1545 553 (ita
1574 499 1682 540 enim
1716 499 1774 542 le-

299 572 480 630 gendum
510 572 589 626 est)
620 570 781 613 Gallus
803 569 961 611 AElius
991 570 1043 610 in
1079 569 1190 609 libro
1219 568 1376 623 prima
1406 566 1774 622 siyniflcationum

299 653 394 694 quoe
418 637 568 691 adjus
585 637 819 692 pertinent,
845 636 912 677 ait
931 650 1015 677 esse
1038 649 1145 684 eum,
1163 635 1239 688 qui
1261 633 1368 675 liber
1389 647 1410 674 e
1424 647 1510 688 qua
1531 633 1708 674 civitate
1726 633 1775 674 in

299 705 442 746 aliam
471 704 694 745 civitatem.
727 703 917 754 abierat,
956 703 1005 743 iu
1033 702 1211 743 eandem
1236 700 1454 742 civitatem
1476 699 1591 740 redit
1612 713 1657 740 eo
1671 699 1774 752 jure

299 772 413 824 quod
443 771 721 812 constitutum
755 777 816 811 est
843 770 895 810 ole
924 768 1226 824 postliminii&
1289 767 1414 815 Item,
1448 765 1525 820 qui
1560 779 1709 806 servus
1743 779 1774 806 a

300 838 423 879 ‘nobis
462 838 511 878 iu
544 837 730 878 hostium
762 842 1016 889 potestatem
1043 834 1250 889 pervenit,
1276 840 1431 887 postea
1460 832 1521 872 ad
1549 845 1629 873 uos
1658 832 1774 873 redit

300 905 349 946 iu
372 903 460 958 ejus
477 910 733 958 potestatem
756 901 877 955 cujus
901 909 1032 942 antea
1042 901 1156 955 fuit,
1178 900 1283 953 jure
1296 898 1577 954 postliminii.
1646 899 1774 950 Equi

299 978 341 1013 et
365 970 474 1011 muli
497 977 536 1012 et
556 970 683 1010 navis
704 969 852 1010 euclem
885 968 1003 1009 ratio
1038 974 1099 1008 est
1134 967 1182 1007 in
1210 965 1477 1020 postliminii
1507 971 1678 1018 receptu
1699 962 1775 1017 (ita

299 1035 384 1078 tria
423 1036 513 1077 haec
551 1035 691 1084 verba,
731 1048 823 1089 quae
860 1033 1036 1075 delenda
1081 1038 1221 1073 censet
1257 1030 1322 1072 vir
1358 1029 1689 1085 incomparabilis
1731 1028 1773 1070 in

301 1102 482 1144 Romani
509 1100 617 1157 juris
651 1100 786 1142 studio
810 1100 992 1141 Jacobus
1017 1097 1220 1154 Cujacius,
1250 1095 1331 1138 levi
1354 1095 1580 1138 mutatione
1602 1094 1774 1137 retineri

301 1183 421 1226 posse
443 1168 642 1221 arbitror)
667 1182 760 1220 quoe
783 1167 898 1208 servi
914 1181 928 1207 .·
963 1180 1058 1220 quae
1076 1179 1235 1220 qeizera
1252 1178 1396 1205 rerum
1420 1164 1476 1204 ab
1500 1163 1688 1204 hostibus
1712 1163 1773 1203 acl

300 1250 377 1278 uos
407 1235 678 1290 postliminio
706 1234 894 1281 oedezmt,
937 1233 1080 1274 eadem
1115 1245 1274 1286 yenera
1312 1244 1456 1271 rmum
1491 1243 1521 1270 α
1556 1229 1674 1270 nobis
1712 1229 1774 1270 ad

301 1303 438 1344 hostes
459 1302 602 1343 vedire
618 1307 812 1356 possunt.
878 1298 962 1340 Sed
997 1297 1245 1353 posteriores
1280 1295 1458 1337 Romani
1488 1293 1773 1351 jurisconsulti

303 1368 479 1409 discrete
513 1366 643 1423 magis
678 1367 780 1407 duas
813 1369 1048 1406 statuerunt
1080 1363 1235 1420 species
1258 1360 1508 1420 postliminii,
1534 1367 1580 1403 ut
1603 1365 1676 1402 aut
1699 1374 1774 1403 nos

301 1440 575 1483 revertamur,
600 1437 672 1474 aut
692 1431 848 1486 aliquid
870 1430 1127 1487 recipiamus.

394 1500 469 1543 IV.
519 1501 542 1541 1
584 1497 865 1540 Retinendum
901 1503 944 1539 et
974 1497 1074 1538 illud
1111 1493 1384 1570 Tryphonini‚
1428 1493 1499 1549 qui
1536 1492 1774 1550 postliminii

295 1566 395 1624 jus
408 1570 644 1622 competere
683 1564 741 1606 ait
777 1564 821 1606 in
864 1563 970 1606 bello
1014 1568 1088 1605 aut
1132 1562 1176 1604 in
1212 1576 1338 1619 pace:
1376 1574 1497 1603 sensu
1533 1560 1656 1617 paulo
1692 1559 1772 1601 alio

359 1680 375 1702 ¹¹
396 1680 460 1709 His
470 1680 525 1719 qui
539 1689 600 1709 non
609 1680 722 1708 virtute
733 1678 845 1708 bellica
853 1678 1006 1716 superati,

299 1732 355 1761 secl
365 1732 442 1770 fato
464 1740 519 1759 suo
540 1729 722 1768 deprehensi
742 1727 828 1766 sunt]
852 1728 934 1758 Vide
950 1737 1006 1756 ex-

301 1782 441 1820 emplum
476 1781 563 1820 apud
598 1780 751 1809 Parutam
785 1778 858 1808 belli
893 1777 1007 1816 Cyprii

300 1832 373 1862 Lib.
390 1841 414 1862 1.

363 1881 371 1899 ¹
396 1882 478 1912 Vide
502 1890 608 1919 supra,
637 1890 707 1919 cap.
725 1880 755 1910 6.
785 1879 879 1918 hujus
906 1877 1005 1915 Libri,

301 1932 321 1971 ἓ
338 1933 387 1961 12.
403 1933 534 1960 num.l.
574 1930 611 1959 J.
625 1930 667 1958 B.

361 1981 368 2002 ἱ
388 1980 466 2010 Nisi
480 1980 516 2009 id
526 1979 633 2018 pactis
655 1981 724 2008 erat
739 1974 1003 2015 comprehensum]

301 2032 385 2062 Vide
400 2031 577 2069 Josephum
592 2030 740 2068 Antiquae
753 2029 909 2058 Historioe
924 2036 1005 2056 x111.

300 2084 332 2112 2.
371 2081 521 2119 Polybius
556 2083 651 2118 pacta
677 2079 769 2117 pouit
796 2078 1004 2114 eomprehen-

302 2131 410 2161 dentia
430 2134 467 2160 ut
491 2130 608 2168 captivi
632 2129 840 2158 redderentur
867 2128 899 2155 in
928 2136 1006 2164 pace

301 2180 452 2219 Philippi,
482 2180 678 2214 AEtolorum,
710 2187 781 2206 eum
818 2176 1005 2213 exceptione

301 2234 420 2266 tamen,
434 2232 467 2258 et
481 2228 650 2258 Antiochi:
673 2227 830 2265 excerptis
853 2226 891 2254 de
914 2226 1002 2263 lega-

300 2281 440 2312 tionibus
455 2280 483 2318 9,
498 2281 548 2316 28,
563 2280 613 2309 35.
655 2278 776 2309 Eadem
792 2276 937 2315 exempla
950 2276 1005 2305 ha-

1071 1678 1126 1706 bet
1140 1677 1259 1712 Livius,
1279 1678 1311 1705 et
1333 1677 1488 1714 praeterea
1507 1674 1594 1713 pacis
1616 1683 1687 1702 cum
1706 1674 1775 1702 Na-

1070 1727 1154 1756 bide.
1196 1727 1280 1764 (Lib.
1302 1734 1430 1754 xxxw.
1455 1734 1523 1762 cap.
1541 1724 1603 1761 35.)
1653 1723 1774 1752 Similia

1071 1778 1194 1816 aliquot
1215 1777 1399 1815 suppeditat
1422 1775 1578 1805 Zosimus.
1628 1775 1673 1804 Ut
1701 1783 1774 1803 ecce

1071 1827 1168 1856 Probi
1188 1836 1251 1865 pax
1273 1836 1345 1855 cum
1361 1825 1515 1855 Vandalis
1536 1827 1568 1853 et
1589 1824 1774 1862 Burgundis

1071 1876 1115 1904 sic
1140 1876 1237 1904 inita:
1268 1875 1322 1913 ἐφ’

1071 1926 1148 1955 ’τοὺς
1164 1924 1409 1963 αἰχμαλώτους,
1426 1925 1478 1954 οὓς
1493 1924 1613 1962 ἔτυχον
1628 1924 1773 1962 ἔχοντες,

1070 1975 1260 2004 ἀποδοῦναι·
1275 1978 1346 2003 utet
1358 1974 1499 2012 praedam
1513 1984 1628 2003 omnem
1643 1978 1671 2003 et
1682 1982 1775 2012 quos-

1070 2035 1197 2063 cumque
1230 2025 1384 2053 habebant
1420 2025 1560 2062 captivos
1598 2023 1776 2054 redderent.

1348 1874 1414 1913 ᾧτε
1436 1874 1490 1903 καὶ
1514 1874 1577 1908 ’τήν
1600 1874 1694 1903 λείαν
1718 1873 1773 1902 καὶ

1070 2074 1142 2104 Lib.
1155 2083 1178 2103 1.
1197 2075 1285 2112 (cap.
1299 2074 1369 2108 69.)
1389 2074 1523 2102 similem
1539 2083 1649 2112 pacem
1664 2077 1774 2103 narrat

1070 2123 1193 2153 Juliani
1208 2133 1278 2152 cum
1291 2124 1470 2162 Germanis,
1485 2123 1574 2160 (Lib.
1585 2133 1637 2153 111.
1648 2132 1717 2162 cap.
1726 2123 1774 2162 4.)

1070 2175 1146 2203 item
1161 2184 1232 2202 cum
1249 2174 1369 2208 Quadis
1381 2174 1435 2212 qui
1449 2174 1480 2202 in
1496 2174 1677 2210 Germania,
1693 2174 1774 2203 libro

1072 2233 1126 2253 1¹1.
1164 2223 1260 2262 [Cap.
1276 2225 1306 2253 7.
1329 2224 1390 2252 Sed
1404 2224 1448 2253 ibi
1463 2224 1541 2252 nihil
1562 2223 1656 2261 tale.]
1693 2224 1776 2252 Am-

1072 2274 1194 2303 mianus
1210 2273 1414 2303 Marcellinus
1434 2274 1516 2303 libro
1532 2282 1621 2304 xvu.
1642 2273 1681 2302 de
1698 2282 1775 2311 rege

372 2447 443 2483 III.
492 2445 572 2481 The
593 2445 655 2480 old
682 2443 928 2490 phraseology
949 2441 994 2477 of
1020 2441 1085 2476 the
1112 2442 1278 2476 Romans
1299 2440 1415 2487 spoke
1435 2439 1478 2473 of
1493 2438 1573 2473 free
1590 2448 1676 2472 men
1696 2437 1775 2472 also

301 2517 342 2541 as
368 2504 538 2540 received
568 2503 618 2549 by
643 2501 916 2548 postliminium,
936 2499 1096 2544 namely,
1116 2499 1149 2532 if
1172 2510 1194 2533 a
1217 2510 1307 2532 man
1330 2500 1429 2532 went
1452 2501 1492 2531 to
1517 2494 1676 2530 another
1700 2495 1775 2541 city

302 2563 377 2597 and
405 2562 496 2597 then
527 2559 706 2595 returned
734 2563 774 2594 to
794 2558 851 2592 his
873 2568 965 2592 own.
1027 2556 1116 2591 Also
1141 2560 1318 2596 servants,
1345 2555 1485 2593 horses,
1513 2553 1643 2593 mules,
1673 2551 1776 2598 ships

302 2619 423 2654 which
443 2619 510 2654 fell
529 2619 608 2652 into
629 2617 695 2652 the
715 2615 877 2662 enemy's
897 2613 1028 2655 hands,
1050 2613 1124 2648 and
1141 2624 1237 2648 were
1253 2612 1344 2648 then
1365 2612 1533 2652 retaken,
1553 2621 1650 2644 were
1670 2620 1776 2644 reco-

303 2677 416 2711 vered
448 2676 498 2722 by
518 2674 797 2721 postliminium.
860 2672 940 2707 The
963 2672 1059 2705 later
1079 2671 1207 2716 jurists
1232 2670 1342 2704 made
1363 2672 1435 2703 two
1455 2668 1565 2702 kinds
1586 2667 1629 2701 of
1645 2666 1776 2713 postli-

303 2734 478 2768 minium:
505 2733 588 2767 that
610 2732 659 2778 by
686 2730 808 2766 which
831 2741 885 2765 we
909 2729 1096 2764 ourselves
1121 2732 1262 2770 return,
1285 2726 1361 2762 and
1387 2726 1472 2761 that
1497 2725 1547 2771 by
1572 2723 1692 2758 which
1719 2733 1776 2758 we

303 2802 456 2825 recover
476 2789 667 2835 anything.

379 2847 445 2881 IV.
490 2851 507 2880 1
543 2846 623 2880 The
643 2845 742 2891 right
763 2845 873 2880 exists
890 2844 928 2878 in
944 2854 1019 2878 war
1036 2843 1110 2878 and
1128 2842 1167 2876 in
1187 2852 1314 2889 peace.
1360 2840 1406 2875 In
1426 2850 1552 2886 peace,
1572 2838 1602 2872 it
1621 2837 1775 2880 belongs

304 2908 345 2940 to
359 2903 466 2938 those
479 2903 572 2943 who,
587 2903 695 2937 when
715 2902 779 2937 the
800 2913 875 2937 war
894 2901 1028 2937 breaks
1049 2904 1127 2941 out,
1140 2911 1204 2934 are
1220 2910 1356 2944 among
1375 2897 1441 2932 the
1462 2906 1605 2941 enemy.
1656 2892 1776 2928 Other

305 2962 492 3010 prisoners
519 2959 562 2995 of
587 2970 660 2994 war
679 2959 773 2994 have
793 2963 860 2994 not
879 2958 1160 3005 postliminium,
1180 2960 1313 3002 except
1333 2954 1416 2990 that
1434 2954 1482 2989 be
1503 2951 1639 2998 agreed
1658 2960 1771 2996 upon.
