1971 3326
152 133 243 170 CAr.
264 132 352 180 XL]
444 137 842 176 INTERFICIENDI
872 141 929 176 IN
958 143 1125 180 BELLO
1157 146 1328 182 JUSTO.
1543 145 1622 185 211

150 252 283 287 morte
319 248 524 291 sumebat.
606 251 732 292 Tunc
767 253 879 293 enim
917 255 1084 308 captivi
1110 270 1239 310 reyes,
1281 271 1375 299 cum
1416 273 1446 300 a
1478 263 1625 314 portis

148 325 280 366 usque
305 315 366 354 ad
380 315 534 368 forum.
560 316 927 371 triumphantium
959 334 1114 363 currus
1141 323 1443 374 honestassent,
1474 327 1623 369 simut-

148 385 277 432 atque
318 380 366 420 in
409 381 677 435 Capitolium
721 398 899 426 currum
934 387 1107 440 flectere
1142 398 1327 445 coeperat
1361 392 1619 446 Imperator,

147 444 320 499 abrepti
348 447 396 487 in
419 461 634 490 carcerem
657 451 930 492 necabantur
952 467 1064 495 tinus
1085 469 1170 509 pro
1194 457 1332 511 seipso
1356 459 1506 500 Paulo
1537 461 1619 515 qui

144 511 356 553 sedentem
387 526 430 554 se
460 523 685 568 acceperat
712 517 967 571 deprecante
989 518 1126 576 (leget
1162 536 1276 564 unus
1308 525 1489 567 Perseus
1523 527 1616 581 ipso

146 576 299 626 Paulo,
332 579 409 633 qui
443 580 660 622 dedentem
692 596 735 623 se
765 593 1001 638 acceperat,
1039 587 1309 643 deprecante)
1340 591 1468 645 lessem
1492 592 1616 635 illius

142 644 388 686 severitatis
421 647 586 687 evasit:
619 648 747 689 ceteri
770 648 817 689 in
838 650 1025 692 vinculis
1048 653 1163 695 rluce
1175 657 1354 708 privati
1374 658 1480 699 aliis
1503 661 1614 713 reqi-

142 708 219 750 bus
236 710 387 752 dedere
410 711 717 762 documentum,
753 721 800 754 ut
823 716 1002 757 mallent
1025 720 1272 761 amicitiam
1295 723 1428 764 colere
1453 725 1612 765 Roma-

140 788 305 825 norum,
334 791 467 832 quam
493 792 752 833 eoeasperare
773 779 1018 834 justitiam.
1091 784 1174 826 Sed
1199 791 1241 828 et
1270 787 1336 828 hic
1360 787 1478 830 nimis
1503 788 1608 833 laxe.

138 839 251 883 Dicit
274 841 438 896 quidem
461 843 670 899 Josephus
698 844 807 887 idem
832 846 884 889 de
907 848 1130 892 severitate
1155 851 1439 895 Romanorum
1463 854 1504 896 in
1529 855 1611 897 his-

137 904 245 948 toria
282 907 488 951 interfecti
525 909 701 953 Simonis
740 911 954 968 Barjorae:
1005 915 1078 957 sed
1115 916 1167 959 de
1202 917 1373 961 ducibus
1410 919 1607 977 loquitur,

134 972 268 1027 qualis
291 974 463 1016 Pontius
483 975 656 1026 Samnis,
682 992 765 1019 non
789 978 934 1029 dehis,
960 981 1108 1036 quibus
1131 983 1291 1041 regium
1313 991 1421 1028 esset
1443 1002 1605 1031 nomen.

134 1037 372 1081 Verborum
400 1055 542 1084 sensus
565 1042 694 1085 latine
725 1043 782 1086 sic
805 1044 955 1089 habet:
971 1049 1079 1100 finis
1112 1052 1326 1106 triumphi
1356 1062 1465 1103 erat,
1488 1064 1607 1109 post-

134 1119 265 1158 quam
289 1108 351 1147 ad
386 1109 649 1162 Capitolium
672 1110 798 1154 Jovis
822 1113 950 1154 oedem
977 1123 1073 1156 erat
1094 1126 1353 1171 perventum
1369 1135 1383 1160 .·
1415 1135 1519 1162 nam
1542 1123 1608 1164 ibi

132 1180 377 1228 exspectare
399 1175 690 1228 Imperatores-
720 1192 810 1222 mos
842 1180 1049 1233 antiquus
1068 1184 1236 1237 patrice
1248 1184 1442 1237 jubebat,
1475 1189 1607 1231 donec

131 1240 340 1280 nuntiata
381 1249 485 1282 esset
514 1256 628 1283 mors
668 1244 853 1285 hostium
888 1247 1024 1290 ducis.
1085 1250 1132 1291 Is
1164 1258 1257 1291 erat
1294 1251 1445 1294 Simon
1483 1255 1604 1296 Jorce

120 1304 259 1357 filius,
294 1307 371 1359 qui
410 1308 526 1348 inter
562 1310 758 1364 captivos
794 1311 843 1351 in
879 1313 1097 1368 triumpho
1132 1317 1401 1360 ducebatur:
1436 1320 1477 1361 is
1513 1327 1603 1363 tum

129 1371 283 1425 injecto
315 1373 465 1428 laqueo
490 1374 537 1415 in
556 1376 713 1429 forum
738 1377 944 1428 trahitur,
978 1381 1306 1425 verberantibus
1329 1385 1506 1441 insuper
1537 1388 1603 1442 ip—

126 1451 222 1478 sum
244 1440 500 1482 custodibus.
564 1442 686 1482 ZVam
718 1456 763 1483 eo
792 1444 840 1484 in
872 1445 960 1486 loco
987 1460 1077 1489 mos
1106 1456 1166 1490 est
1193 1450 1406 1493 Romanis
1436 1454 1603 1507 suppli-

126 1504 242 1545 cium
279 1519 443 1547 sumere
483 1507 535 1548 de
573 1508 799 1551 damnatis
839 1511 890 1551 ob
927 1526 1062 1554 notras
1099 1515 1321 1568 capitales.
1392 1519 1485 1560 Hic
1525 1520 1602 1561 ubi

124 1570 261 1611 vitam
272 1572 445 1625 finiisse
465 1574 693 1616 nuntiatus
715 1582 787 1623 est,
805 1584 952 1618 secuta
969 1587 1069 1620 sunt
1079 1581 1245 1634 fausta
1262 1583 1421 1633 omina,
1447 1585 1600 1627 deinde

123 1637 358 1691 sacrificia.
425 1637 543 1680 Idem
567 1639 698 1681 ferme
722 1640 821 1683 dicit
846 1642 990 1684 Cicero
1013 1644 1192 1687 Verrina
1215 1647 1267 1688 de
1290 1648 1509 1704 suppliciis.

224 1704 251 1744 3
298 1704 366 1744 De
401 1703 571 1746 ducibus
602 1704 754 1761 passim
789 1709 979 1763 exempla
1013 1716 1204 1754 exstant:
1237 1713 1290 1755 de
1324 1715 1493 1771 regibus
1523 1717 1597 1758 ali-

122 1781 217 1822 qua,
260 1774 307 1810 ut
349 1769 426 1812 Sde
465 1769 715 1819 Aristonico,
763 1772 991 1829 Jugurtha‚
1034 1776 1297 1821 Artabasdo:
1344 1781 1418 1822 sed
1456 1787 1595 1825 tamen

119 1839 277 1890 praeter
300 1836 455 1877 Persea
478 1832 687 1892 tSyphaX,
721 1837 907 1890 Gentius,
939 1840 1064 1893 Juba,
1091 1848 1133 1884 et
1165 1844 1374 1887 Caesarum
1406 1851 1594 1905 tempore

118 1950 332 1989 sigotthorum
360 1951 543 1981 Athiulfum
581 1952 754 1982 Suevorum
790 1954 822 1983 in

118 2000 274 2038 Hispania
294 2009 403 2039 regem
428 2002 532 2039 capite
556 2002 678 2040 plectit,
701 2012 821 2032 memo-

116 2053 208 2079 rante
223 2050 389 2080 Jornande
400 2051 550 2080 Historia
562 2051 720 2082 Gotthica.
736 2053 819 2091 (cap.

115 2100 179 2137 44.)
220 2099 378 2128 Nimirum
393 2101 459 2129 haec
474 2101 665 2130 documenta
679 2104 753 2130 sunt
767 2111 817 2132 re-

114 2150 208 2188 gibus
223 2150 263 2178 ad
282 2150 480 2186 modestiam,
502 2153 534 2179 et
553 2154 589 2179 ut
611 2151 763 2189 cogitent,
784 2160 818 2182 se

115 2208 242 2238 quoque
258 2199 427 2236 subjectos,
445 2200 470 2228 si
486 2199 558 2228 Deo
573 2199 618 2228 ita
632 2200 743 2236 visum,
757 2201 816 2229 hu-

113 2249 215 2278 manis
230 2248 360 2285 vicibus‚
373 2252 414 2286 et,
427 2249 512 2287 quod
526 2249 557 2277 in
569 2249 663 2278 simili
675 2250 816 2288 periculo

112 2308 132 2328 a
145 2299 261 2328 Solone
275 2298 395 2327 dictum
412 2298 599 2327 meminerat
616 2298 754 2336 Croesus,
776 2300 815 2330 de

111 2350 264 2379 felicitate
277 2349 414 2378 hominis
433 2352 508 2379 ante
522 2352 657 2378 mortem
678 2359 741 2378 non
759 2350 813 2388 ju-

111 2400 291 2429 dicandum.

169 2455 180 2470 5
203 2450 252 2479 De
277 2448 478 2488 Aristonico]
511 2450 595 2479 Vide
623 2449 811 2489 Appianum
840 2469 847 2473 κ

888 1956 1105 1988 Mithridatico
1120 1958 1151 1988 in
1167 1959 1239 1990 fine.
1273 1960 1368 2001 [Pag.
1378 1964 1447 1994 253.
1469 1964 1535 1996 Ed.
1545 1966 1591 1996 H.

887 2005 996 2044 Steplz.
1023 2008 1078 2036 ubi
1106 2009 1146 2038 de
1169 2010 1358 2041 Aristobulo
1385 2016 1418 2042 et
1440 2014 1590 2052 Tigrane,

885 2065 964 2093 quos
976 2057 1148 2097 Pompeius
1159 2060 1361 2100 triumphans
1372 2063 1477 2102 capite
1491 2065 1590 2103 plecti

877 2105 1001 2145 jussit.]

941 2157 951 2176 t
973 2156 1122 2197 Syphax]
1147 2159 1282 2190 Variant
1303 2161 1342 2191 de
1364 2171 1402 2192 eo
1423 2163 1585 2195 historici:

881 2204 975 2234 multi
995 2208 1127 2238 tradunt
1144 2218 1216 2238 eum
1236 2220 1337 2249 prope
1355 2212 1491 2243 Romam
1510 2218 1585 2245 ante

881 2255 1078 2294 triumphum
1093 2258 1262 2289 decessisse
1277 2271 1283 2289 ε
1307 2261 1458 2300 Polybius
1478 2264 1510 2292 in
1524 2265 1583 2293 tri-

880 2306 999 2344 umpho
1027 2308 1178 2338 ductum:
1214 2309 1301 2349 (Lib.
1321 2320 1395 2342 xvr.
1424 2323 1494 2352 cap.
1515 2314 1582 2353 12.)

878 2354 1057 2394 Appianus,
1077 2358 1151 2387 dum
1167 2359 1206 2388 de
1222 2369 1258 2389 eo
1273 2361 1476 2399 deliberatur,
1495 2373 1580 2392 mor-

878 2403 919 2433 bo
933 2405 1056 2437 obiisse.
1100 2407 1196 2447 (Pag.
1212 2411 1262 2441 15.
1283 2410 1348 2441 Ed.
1363 2412 1409 2442 Η.
1426 2412 1550 2453 Steph.)

106 2614 281 2649 stantine.
331 2614 408 2648 But
428 2613 501 2649 this
522 2615 631 2660 again
651 2616 680 2651 is
706 2619 769 2652 too
795 2617 866 2654 lax.
917 2619 1104 2667 «Iosephus
1124 2622 1226 2668 gives
1250 2634 1273 2658 a
1300 2624 1377 2660 like
1404 2630 1575 2675 example

106 2671 151 2706 of
164 2671 228 2706 the
248 2672 396 2706 Roman
417 2672 586 2718 severity,
603 2673 783 2720 speaking
799 2675 842 2710 of
858 2678 1007 2723 putting
1027 2682 1066 2713 to
1093 2679 1206 2714 death
1230 2681 1359 2716 Simon
1376 2683 1571 2730 Barjoras:

104 2728 173 2764 but
204 2728 253 2763 he
284 2728 416 2774 speaks
451 2729 495 2764 of
519 2729 663 2765 leaders
693 2731 767 2766 like
800 2733 957 2768 Pontius
985 2734 1050 2769 the
1079 2736 1257 2779 Samnite,
1284 2742 1351 2774 not
1379 2741 1423 2776 of
1450 2743 1567 2791 kings.

104 2786 246 2828 Cicero,
265 2786 304 2819 in
321 2785 376 2820 his
394 2786 553 2821 Verrine
571 2787 739 2830 Oration,
755 2800 838 2835 says
854 2789 917 2825 the
935 2801 1047 2826 same.

171 2847 192 2879 3
223 2842 327 2878 With
352 2843 486 2889 regard
507 2848 546 2879 to
574 2844 648 2880 this
672 2846 821 2892 putting
847 2850 886 2882 to
913 2847 1026 2883 death
1052 2849 1209 2893 leaders,
1229 2851 1336 2890 there
1354 2865 1420 2891 are
1440 2867 1570 2906 every-

97 2900 221 2936 where
239 2901 438 2947 examples.
490 2901 602 2937 Some
626 2902 733 2939 there
754 2914 818 2939 are
843 2904 886 2940 of
902 2904 1021 2952 kingS,
1042 2918 1082 2943 as
1107 2908 1348 2955 Aristonicus,
1367 2913 1394 2948 J
1396 2916 1565 2961 ugurtha,

1280 2983 1430 3025 14—2

1635 604 1697 628 Vid.
1714 606 1786 631 Plut.

1635 635 1713 660 Paul.
1728 638 1820 662 AEmz'l.

1631 673 1658 697 p.
1671 667 1724 695 274.

1626 1066 1691 1090 ΕΛΖ.
1706 1068 1774 1091 Jud-

1624 1097 1670 1122 vii.
1683 1099 1703 1121 5.
1718 1098 1730 1127 §
1743 1100 1779 1123 (is

1616 1657 1679 1689 cap.
1693 1660 1732 1689 26,
1745 1660 1784 1688 27.
