1971 3326
984 316 1173 357 CAPUT
1206 317 1302 358 VII.

832 427 899 461 DE
930 426 1060 461 JURE
1091 426 1149 461 IN
1180 425 1441 461 CAPTIVOS.

459 531 488 565 Ι.
546 530 674 564 Omnes
705 535 825 574 captos
858 528 942 563 bello
970 527 1104 562 solenni
1311 527 1417 573 yerc?

537 587 622 632 jure
640 586 796 631 yentiuzn
813 596 926 619 servos
937 585 1023 631 fieri
1033 597 1044 618 .-
1198 584 1284 618 VII.
1312 583 1375 618 Αη
1394 590 1424 618 ec
1441 584 1582 618 domino
1599 584 1752 618 resistere
1763 585 1781 618 f?

445 643 497 676 II.
543 643 594 677 Et
611 655 732 677 eorum
747 648 913 687 posteros.
1185 641 1292 675 VIII.
1315 641 1383 675 Jus
1417 641 1478 675 hoc
1513 653 1585 675 ‘non
1621 642 1721 686 apud
1751 653 1865 677 omnes

437 700 507 734 III.
545 700 593 733 In
605 711 658 734 eos
676 700 813 745 quidvis
833 700 977 744 impune
988 698 1085 744 fieri.
1311 704 1425 743 yentes
1444 709 1578 743 semper
1598 698 1779 732 obtinuisse
1792 711 1803 730 .-

438 757 505 791 IV.
547 757 618 791 Res
638 762 835 802 captorum,
859 757 965 790 etiam
984 755 1102 789 incor-
1205 754 1274 789 IX.
1312 755 1384 789 Nec
1429 766 1524 789 mmo
1577 755 1726 789 obtinere
1777 754 1868 788 inter

542 814 696 859 porales,
716 813 900 847 dominum
919 813 1024 857 sequi.
1315 811 1533 846 Christianos
1542 824 1554 850 ,·
1586 818 1617 846 et
1653 811 1739 857 quid
1768 811 1798 846 ei
1824 811 1868 846 sit

451 872 498 906 V.
548 870 666 905 Causa
683 882 749 905 cur
763 871 803 904 id
818 870 1052 904 constitutum.
1312 874 1554 913 sarroqatmn.

443 928 510 962 VI.
548 927 611 961 An
625 928 677 962 ita
698 928 809 973 captis
826 927 960 961 licitum
976 926 1020 960 sit
1031 927 1102 970 fuv-

406 1028 438 1068 1.
510 1028 533 1067 1
659 1025 801 1066 ERVI
835 1029 985 1065 natura
1018 1021 1197 1077 quidem,
1227 1019 1268 1062 id
1298 1026 1371 1070 est,
1406 1020 1510 1063 citra
1538 1020 1690 1064 factum
1725 1022 1868 1064 huma-

692 1104 789 1131 num
830 1094 902 1130 aut
939 1087 1136 1143 primaevo
1167 1091 1328 1128 naturae
1365 1092 1488 1136 statu,
1518 1087 1728 1129 hominum
1767 1087 1868 1129 nulli

405 1163 512 1207 sunt,
539 1160 612 1198 aut
633 1162 674 1198 et
697 1154 794 1197 alibi
817 1154 1017 1195 diximus:
1054 1167 1134 1208 quo
1159 1166 1280 1194 sensu
1306 1158 1418 1194 recte
1441 1152 1569 1208 accipi
1594 1159 1730 1209 potest
1758 1153 1868 1208 quod

185 1236 366 1291 (1113542-031‘1-723
406 1239 431 1266 a
449 1221 751 1280 jurisconsultis
779 1220 932 1262 dictum
966 1225 1041 1268 est,
1075 1224 1219 1259 eontra
1246 1223 1435 1260 naturam
1461 1233 1549 1260 esse
1569 1219 1673 1261 hanc
1696 1219 1869 1261 servitu-

186 1297 302 1321 numum.
350 1280 359 1285 ”
406 1295 514 1332 tem:
547 1294 594 1331 ut
630 1294 769 1330 tamen
807 1286 916 1327 facto
955 1283 1141 1332 hominis,
1180 1283 1222 1324 id
1261 1289 1335 1333 est,
1371 1284 1559 1340 pactione
1599 1291 1672 1327 aut
1706 1285 1867 1333 delicto,

405 1355 581 1397 servitus
616 1353 815 1410 originem
856 1351 1075 1407 acciperet,
1108 1349 1281 1406 justitiae
1313 1350 1491 1392 naturali
1527 1365 1609 1392 non
1649 1356 1868 1408 repugnat,

403 1417 478 1463 but
501 1420 596 1462 alibi
622 1433 783 1475 quoque
807 1416 1068 1459 ostendimus.

500 1488 526 1527 2
571 1486 627 1527 At
662 1500 710 1526 eo
752 1484 803 1525 de
840 1498 920 1539 quo
958 1496 1066 1524 nunc
1106 1481 1266 1538 agimus
1303 1482 1488 1538 gentium
1520 1482 1616 1538 jure
1657 1482 1869 1539 aliquanto

407 1552 529 1593 latius
552 1556 669 1607 patet
692 1549 882 1598 servitus,
918 1554 1005 1591 tum
1037 1547 1173 1603 quoad
1204 1561 1413 1603 personas,
1440 1554 1526 1589 tum
1551 1548 1687 1603 quoad
1712 1549 1867 1590 effecta.

352 1657 359 1665 ,
407 1619 515 1659 Nam
539 1630 736 1673 personas
767 1615 800 1657 si
830 1620 1075 1671 spectamus,
1099 1627 1181 1654 non
1209 1613 1283 1654 soli
1307 1613 1377 1668 qui
1401 1628 1444 1654 se
1469 1613 1626 1655 dedunt
1649 1619 1721 1656 aut
1742 1613 1870 1655 servi-

407 1690 537 1726 tutem
577 1682 824 1739 promittunt
864 1695 940 1736 pro
978 1678 1107 1721 servis
1147 1678 1379 1721 habentur:
1414 1679 1487 1720 sed
1528 1694 1667 1720 omnes
1707 1679 1869 1721 omnino

466 1795 479 1809 a
506 1789 548 1819 Ut
570 1790 599 1817 et
623 1786 703 1816 alibi
722 1783 874 1823 diximus]
900 1783 996 1813 Libro
1020 1792 1054 1812 11.
1076 1793 1105 1813 c.
1169 1782 1256 1818 cujus
1266 1785 1361 1820 portu
1378 1792 1444 1812 cum
1459 1793 1525 1812 eum
1540 1784 1718 1814 Laomedon
1741 1788 1871 1821 arceret,

407 1839 481 1867 xxii.
498 1838 515 1876 ξ
532 1840 578 1867 11.
1171 1832 1289 1861 occisus
1303 1836 1355 1868 est,
1370 1836 1398 1862 et
1412 1833 1555 1871 ejusfilia
1570 1835 1708 1864 IIesz'one
1719 1836 1790 1864 belli
1796 1835 1872 1872 jure

466 1887 480 1907 b
507 1888 549 1917 Ut
563 1887 642 1916 alibi
656 1895 774 1924 quoque
788 1882 986 1921 ostendimus]
1008 1883 1104 1911 Libro
1171 1882 1295 1910 sublata
1311 1883 1415 1911 comiti
1434 1883 1592 1912 Telamoni
1608 1884 1728 1913 tradita
1746 1889 1799 1921 est,
1817 1885 1872 1924 qui

409 1946 447 1966 11.
464 1946 532 1975 cap.
549 1946 578 1964 v.
594 1935 611 1973 ἓ
628 1936 676 1964 27.
1167 1932 1292 1969 primus
1306 1932 1488 1961 ascenderat
1505 1942 1633 1970 murum,
1652 1933 1731 1963 unde
1758 1934 1873 1964 Teucer

470 1991 483 2007 ε
502 1985 588 2015 Belli
621 1981 700 2021 leffe]
737 1982 863 2011 Servius
899 1982 939 2011 ad
969 1982 1105 2020 primum
1172 1985 1264 2010 natus
1288 1985 1340 2010 est.
1385 1982 1473 2010 Idem
1499 1983 1538 2011 ad
1563 1992 1596 2011 x.
1624 1983 1779 2012 AEneidos
1797 1993 1872 2012 ean-

408 2034 562 2065 AEneidos
588 2033 680 2071 (vers,
709 2032 780 2069 619)
820 2032 859 2060 de
890 2031 1042 2061 Hercule:
1086 2040 1108 2059 a
1173 2031 1244 2059 dem
1259 2031 1756 2062 narranshistoriam:Hesionem
1770 2033 1873 2063 Graeci

601 2198 782 2233 OHAPTER
804 2197 889 2231 VII.
945 2196 1004 2241 Of
1013 2197 1065 2230 the
1086 2197 1195 2242 Rz'gylzt
1216 2208 1296 2231 over
1315 2197 1504 2232 Prfisoners
1520 2198 1568 2241 of
1582 2197 1683 2230 War.

487 2284 517 2318 Ι.
570 2286 588 2316 1
621 2283 677 2328 By
694 2285 837 2321 nature,
853 2280 936 2314 that
952 2280 991 2321 is,
1010 2280 1047 2314 in
1065 2280 1128 2315 the
1142 2280 1321 2326 primeval
1342 2284 1437 2315 state
1455 2280 1498 2314 of
1514 2283 1657 2320 nature,
1675 2279 1747 2313 and
1764 2280 1869 2315 with-

410 2344 476 2375 out
496 2339 560 2374 the
581 2342 641 2373 act
671 2338 714 2373 of
731 2349 826 2378 man,
854 2348 903 2371 no
923 2348 1010 2371 men
1031 2348 1094 2371 are
1125 2337 1253 2378 slaves,
1280 2348 1319 2371 as
1345 2348 1398 2371 we
1428 2336 1521 2371 have
1547 2336 1745 2371 elsewhere
1770 2336 1869 2378 said3

409 2397 483 2431 and
503 2397 542 2430 in
566 2395 639 2430 this
661 2406 766 2430 sense
787 2406 840 2429 we
865 2405 950 2439 may
967 2398 1090 2428 assent
1110 2398 1149 2428 to
1170 2394 1268 2428 what
1286 2393 1348 2427 the
1363 2394 1492 2438 jurists
1520 2404 1594 2439 say,
1617 2392 1699 2427 that
1727 2392 1870 2439 slavery

409 2455 438 2489 is
459 2454 603 2499 against
622 2456 767 2486 nature.
828 2451 904 2485 But
924 2450 1006 2485 that
1026 2451 1168 2496 slavery
1185 2450 1318 2485 should
1345 2450 1441 2485 have
1462 2451 1507 2484 its
1526 2450 1645 2495 origin
1672 2450 1710 2483 in
1730 2449 1870 2484 human

408 2515 481 2552 act,
498 2510 580 2545 that
597 2510 638 2550 is,
655 2510 693 2543 in
711 2508 932 2543 convention
954 2519 996 2542 or
1017 2507 1139 2549 delict,
1161 2508 1190 2542 is
1219 2511 1285 2542 not
1312 2510 1521 2553 repugnant
1547 2510 1586 2540 to
1617 2506 1765 2540 natural
1791 2507 1870 2552 jus-

409 2569 493 2607 tice,
515 2578 554 2601 as
575 2577 629 2601 we
649 2566 743 2600 have
760 2565 837 2599 also
859 2564 993 2599 shewn.

488 2629 508 2658 2
544 2624 619 2658 But
636 2623 684 2668 by
704 2622 769 2657 the
790 2622 877 2656 laws
898 2621 941 2656 of
964 2621 1121 2662 nations,
1143 2620 1187 2655 of
1199 2620 1317 2655 which
1339 2631 1392 2655 we
1424 2631 1507 2654 now
1527 2619 1652 2666 speak,
1675 2619 1818 2665 slavery
1840 2620 1871 2654 is

411 2692 514 2716 more
547 2679 860 2725 comprehensive,
890 2677 981 2712 both
1013 2689 1051 2712 as
1084 2682 1123 2712 to
1144 2688 1308 2723 persons,
1339 2677 1413 2711 and
1447 2677 1585 2711 effects.
1643 2677 1727 2716 For,
1760 2676 1793 2708 if
1817 2686 1871 2710 we

412 2738 545 2783 regard
566 2737 630 2771 the
647 2747 810 2782 persons,
828 2736 857 2769 it
877 2736 907 2770 is
928 2739 994 2769 not
1014 2734 1120 2769 those
1146 2734 1233 2780 only
1253 2734 1334 2769 who
1353 2733 1552 2768 surrender
1568 2732 1801 2772 themselves,
1830 2743 1872 2766 or

412 2795 572 2840 promise
604 2794 757 2840 slavery,
778 2792 859 2827 who
880 2803 943 2826 are
967 2791 1153 2826 reckoned
1178 2791 1295 2826 slaves
1309 2803 1319 2833 ;
1348 2791 1416 2825 but
1445 2790 1495 2824 all
1519 2799 1669 2835 persons
1687 2788 1873 2823 whatever

413 2850 494 2885 who
514 2861 577 2885 are
595 2850 707 2885 taken
728 2851 766 2884 in
793 2861 815 2884 a
834 2849 982 2895 regular
1008 2860 1093 2890 war,
1116 2859 1155 2883 as
1185 2859 1276 2883 soon
1306 2859 1345 2882 as
1373 2847 1463 2892 they
1492 2857 1555 2880 are
1580 2844 1741 2890 brought
1772 2845 1872 2879 intra

408 2908 594 2953 prcesidia,
615 2918 654 2941 as
675 2907 903 2952 Pomponius
921 2917 1013 2953 says.
1058 2906 1139 2940 Nor
1156 2905 1184 2940 is
1207 2905 1319 2940 delict
1339 2903 1541 2949 requisite3
1566 2901 1630 2936 the
1647 2901 1702 2936 lot
1717 2901 1760 2936 of
1775 2901 1824 2936 all
1842 2903 1871 2937 is
