1971 3326
120 154 209 188 CAP.
229 151 337 195 X11.]
703 152 769 186 ET
801 150 1008 186 SIMILIA.
1514 144 1592 182 {23l

215 264 243 305 3
290 263 346 304 Et
370 262 438 304 illa
463 261 626 318 quidem
658 261 867 318 populatio
891 260 1064 303 ferenda
1088 264 1162 309 ost,
1189 273 1281 314 quae
1306 257 1424 300 brevi
1449 258 1503 300 ad
1528 273 1598 314 pa-

120 344 208 372 cem
231 328 453 385 petendam
473 329 632 370 hostem
654 327 832 385 subigit:
860 342 940 383 quo
959 341 1113 384 genere
1135 325 1231 367 belli
1255 340 1352 366 usus
1371 325 1595 381 Halyattes
1616 337 1715 361 nerod-
1730 336 1746 360 i.
1764 337 1801 363 17.

120 395 164 438 in
187 394 383 443 Milesios,
421 395 603 436 Thraces
627 394 669 435 in
695 393 934 451 Byzantios,
971 392 1149 434 Romani
1176 392 1218 433 in
1245 392 1489 447 CampanOS‚
1518 391 1594 432 Ca·
1615 400 1814 454 prgleg-{Sffi-fff-

121 468 306 518 penates,
333 460 556 517 Hispanos,
580 460 768 517 Ligures,
805 459 996 509 Nervios,
1034 457 1262 513 Menapios,
1327 457 1396 506 At,
1423 457 1456 498 si
1485 462 1595 497 recte
1614 442 1807 515 }{}·vj²vi¹·lgs‘”

122 543 212 570 rem
242 528 463 583 expendas,
488 527 731 583 plerumque
763 525 1039 567 admittuntur
1074 524 1172 567 talia
1201 523 1294 565 odio
1320 523 1449 579 magis
1474 537 1592 578 quam
1615 521 1809 579 {3'2'''}<,j¹{3‘‚{¹¹'·

123 593 318 650 prudenti
342 593 514 635 ratione.
586 592 738 633 Ferme
762 591 870 632 enim
895 591 1044 640 evenit,
1079 596 1126 632 ut
1149 595 1222 632 aut
1242 604 1374 631 causae
1397 589 1477 630 illae
1502 603 1595 630 sua·
1614 583 1813 636 ‘Effiffig'g‘jvh

124 659 270 702 dentes
290 664 460 708 cessent,
486 662 559 699 aut
582 663 629 699 ut
652 657 743 698 alize
768 656 849 698 sint
871 656 1102 704 validiores,
1128 670 1220 711 quae
1245 656 1520 697 dissuadeant.
1614 645 1636 667 3'
1650 644 1674 667 θ’

224 726 280 766 ΙΙ.
335 727 359 766 1
408 724 458 765 Id
483 722 645 765 eveniet
670 722 859 778 primum,
896 721 930 763 si
953 736 1026 763 nos
1050 721 1126 777 ipsi
1150 736 1238 762 rem
1270 721 1515 777 frugiferam
1539 720 1598 762 ita

125 795 349 839 teneamus,
375 795 422 832 ut
444 788 630 831 hostibus
654 803 735 829 non
759 787 888 844 possit
912 802 1000 829 esse
1023 786 1067 828 in
1090 787 1240 829 fructu.
1316 787 1408 836 Quo
1431 785 1598 841 proprie

125 862 285 912 spectat
307 856 375 898 lex
399 855 549 904 divina,
585 869 676 911 quae
700 853 743 895 in
767 853 919 895 vallum
947 852 1125 908 bellique
1155 866 1283 908 opera
1306 852 1394 893 vult
1418 851 1598 907 impendi
1617 863 1759 916 ἕζεαι-Ἠ.
1774 862 1811 890 12³,

126 923 297 964 arbores
338 922 459 970 feras,
506 920 730 977 frugiferas
768 934 867 962 vero
904 918 1110 961 asservari
1156 918 1211 960 ad
1248 917 1413 967 victum,
1459 917 1602 959 addita
1649 910 1655 916 ⁸

127 1003 262 1038 causa,
287 988 397 1044 quod
429 1001 511 1028 non
540 992 588 1028 ut
616 985 815 1038 homines,
848 985 907 1027 ita
930 991 973 1027 et
1003 985 1174 1026 arbores
1203 984 1424 1026 adversum
1454 998 1527 1024 nos
1559 983 1602 1024 in

127 1053 316 1108 praelium
354 1066 604 1109 consurgere
644 1051 823 1108 possint:
873 1051 982 1106 quod
1029 1065 1080 1092 ex
1127 1049 1297 1091 rationis
1338 1049 1603 1091 similitudine

127 1114 276 1160 bPhilo
301 1119 424 1161 etiam
448 1119 502 1160 ad
526 1133 651 1174 agros
680 1117 903 1174 frugiferos
933 1115 1136 1172 producit,
1168 1115 1251 1172 legi
1275 1116 1364 1157 haec
1388 1115 1517 1157 verba
1545 1115 1604 1156 af·
1624 1126 1826 1180 Defglvqauisl·

127 1185 314 1243 fingens:
363 1186 471 1241 quid
508 1185 633 1227 rebus
667 1185 880 1226 inanimis
920 1197 1014 1239 quoe
1049 1191 1087 1224 et
1119 1185 1241 1225 mites
1276 1189 1375 1224 sum
1410 1190 1449 1224 et
1483 1183 1607 1223 mices
1623 1164 1675 1187 p*
1722 1163 1748 1180 ‘⁰

129 1314 163 1343 ἐν
186 1313 321 1342 ἐνδείαις
344 1310 510 1340 πολλάκις
537 1310 597 1339 ὅτε
623 1309 676 1339 καὶ
704 1308 832 1347 τροφαὶ

128 1364 291 1401 δεύτεραι.
317 1362 370 1391 καὶ
393 1359 725 1400 προσυπερβάλλων,
754 1360 832 1388 οὔτε

127 1414 196 1442 τῶν
220 1411 391 1451 πολεμίων
412 1411 523 1449 χώραν
546 1410 677 1448 τέμνειν
697 1410 746 1447 ἐᾷ,
766 1421 832 1438 πα-

127 1462 317 1501 ραγγέλλει
345 1461 378 1490 δὲ
413 1460 555 1499 ἀπέχειν
588 1459 834 1497 δενδροτομιαῖν,

128 1512 238 1542 ἄδικον
261 1510 503 1549 ὑπολαμβάνων
525 1509 587 1545 τήν
607 1509 691 1547 πρὸς
712 1507 833 1546 ἀνθρώ-

129 1574 211 1591 πους
223 1560 325 1600 ὀργήν
336 1559 570 1595 ἀποσκήπτειν
581 1560 625 1588 εἷς
640 1558 683 1588 τά
699 1559 834 1596 μηδενὸς

130 1611 224 1640 αἴτια
245 1611 355 1639 κακοῦ.
380 1609 500 1639 ἔπειτα
516 1609 548 1638 δὲ
569 1608 659 1646 α’ξιοῖ
678 1607 721 1645 μή
735 1607 836 1645 μόνον

129 1661 171 1690 τὸ
186 1661 295 1698 παρὸν
309 1658 528 1698 προορᾶσθαι,
541 1658 675 1695 μηδενὸς
688 1658 720 1686 ἐν
733 1655 833 1695 ὁμοίῳ

129 1710 296 1748 μένοντος,
324 1708 415 1738 ἀλλά
441 1708 582 1737 πάντων
609 1710 754 1745 τροπαῖς
780 1706 834 1734 καὶ

130 1759 337 1798 μεταβολαῖς
361 1757 547 1796 χρωμένων,
571 1755 611 1785 ὠς
640 1756 724 1785 εἰκὸς
752 1756 836 1784 εἶναι

130 1810 209 1838 τοὺς
231 1808 313 1837 τέως
336 1807 504 1845 δυσμενεῖς
534 1804 834 1843 ἐπικηρυκευσαμέ-

133 1871 203 1889 νους
227 1860 281 1888 καὶ
306 1856 544 1895 συμβατηρίων
573 1855 755 1893 ἄρξαντας,
785 1855 835 1883 ἐν-

132 1909 293 1939 σπόνδους
315 1907 435 1936 αὐτίκα
461 1904 627 1944 γενέσθαι.
658 1904 778 1942 φίλους
802 1904 835 1933 δὲ

131 1959 270 1997 τροφῶν
294 1956 483 1995 ἀναγκαίων
503 1955 709 1993 ἀποστερεῖν
732 1954 835 1992 χαλε-

132 2010 210 2044 πὸν,
245 2008 344 2046 μηδὲν
370 2004 652 2044 ταμιευσαμένους
679 2005 748 2033 τῶν
783 2003 836 2033 ἐπ’

133 2058 297 2097 ὠφελείᾳ,
317 2056 369 2086 dm*
387 2056 450 2090 τήν
472 2055 532 2083 τοῦ
551 2053 737 2091 μέλλοντος
758 2052 834 2088 οἰδη-

132 2105 278 2140 λότητα.
293 2103 381 2133 πάνυ
391 2103 457 2142 γάρ
472 2103 576 2131 ἐκεῖνο
588 2101 696 2129 καλῶς
707 2100 837 2138 εἴρηται

133 2159 207 2186 τοῖς
219 2155 390 2191 παλαιοῖς,
411 2153 466 2182 ὅτι
480 2152 535 2181 καὶ
551 2150 670 2189 φιλίας
684 2161 837 2185 κοινωνη-

900 1308 987 1346 τέον,
1012 1308 1056 1346 ’,ιη’
1079 1305 1377 1346 ἀπογινώσκοντας
1398 1305 1530 1344 ἔχθραν,
1553 1307 1608 1335 καὶ

900 1357 1175 1396 προσ-κρουστέον
1208 1355 1250 1386 ὥς
1288 1356 1407 1394 φιλίας
1443 1355 1607 1392 ἐσομένης,

899 1408 953 1436 ἵνα
976 1407 1117 1436 ἕκαστος
1141 1406 1174 1435 ἐν
1198 1407 1242 1443 τῇ
1267 1405 1385 1434 ἑαυτοῦ
1415 1405 1517 1442 φύσει
1544 1416 1606 1433 τα-

900 1456 1057 1494 μιεύηταί
1072 1468 1107 1484 τι
1122 1456 1190 1485 τῶν
1206 1455 1249 1484 εἷς
1264 1454 1469 1492 ἀσφάλειαν,
1491 1453 1542 1482 καὶ
1564 1453 1607 1491 μή

901 1504 1153 1543 (ἱπογυμνωθεὶς
1168 1505 1201 1533 ἐν
1216 1504 1325 1542 ἔργοις
1339 1504 1393 1532 καὶ
1409 1503 1537 1541 λόγοις,
1553 1514 1609 1540 με-

901 1557 1005 1593 τανοῇ
1030 1555 1092 1588 τῆς
1118 1553 1206 1591 ἄγαν
1230 1553 1410 1591 εὐχερείας,
1440 1553 1490 1581 ὅτ’
1520 1553 1612 1581 οὐδὲν

903 1603 1042 1641 ὄφελος,
1065 1602 1260 1640 αἰτιώμενος
1275 1602 1405 1631 ἑαυτόν.
1431 1602 1472 1630 τὸ
1489 1601 1611 1640 λόγιον

901 1654 1004 1682 τοῦτο
1027 1652 1091 1691 χριὶ
1116 1652 1310 1690 φυλάττειν
1330 1652 1384 1680 καὶ
1399 1651 1461 1680 τάς
1480 1651 1610 1688 πόλεις,

903 1703 937 1731 ἐν
962 1703 1021 1740 μὲν
1042 1701 1149 1740 εἰρήνῃ
1172 1700 1415 1738 προνοουμένας
1433 1701 1501 1729 τῶν
1519 1700 1610 1729 κατοί

902 1751 1066 1788 πόλεμον,
1088 1750 1120 1779 ἐν
1136 1751 1168 1779 δὲ
1183 1750 1320 1788 πολέμῳ
1338 1751 1407 1779 τῶν
1428 1749 1502 1778 κατ’
1522 1749 1609 1787 εἰρή-

903 1812 969 1837 νην,
993 1801 1047 1829 καὶ
1073 1800 1158 1838 μήτε
1180 1804 1252 1829 τοῖς
1279 1799 1465 1838 συμμάχοις
1493 1799 1609 1833 ἀνέδην

901 1851 1179 1888 προσπιστεύειν,
1202 1849 1243 1878 ὠς
1263 1850 1297 1878 οὐ
1317 1848 1533 1887 χρησομένοις
1552 1859 1610 1886 με-

902 1901 1037 1938 ταβάλῃ
1053 1901 1136 1939 πρὸς
1151 1900 1191 1928 τὸ
1214 1899 1417 1937 α’ντίπαλον,
1437 1898 1522 1937 μήτε
1537 1902 1611 1928 τοῖς

902 1950 1076 1987 πολεμίοις
1092 1949 1237 1978 εἶσάπαν
1252 1949 1426 1984 ἀπιστεῖν,
1451 1948 1492 1977 ὠς
1506 1950 1541 1977 οὺ
1557 1949 1610 1977 δυ-

903 1999 1051 2038 ναμένοις
1073 2011 1160 2028 ποτε
1175 1997 1449 2037 μεθαρμόσασθαι
1470 1998 1554 2035 πρὸς
1569 1998 1610 2026 τὸ

903 2050 1095 2079 ἕνσπονόον.
1125 2051 1153 2079 εἰ
1178 2049 1293 2088 μέντοι
1322 2048 1375 2077 καὶ
1403 2049 1502 2086 μηδὲν
1529 2047 1610 2085 ὑπὲρ

903 2099 1021 2138 ἔχθρον
1041 2099 1211 2136 πρακτέον
1235 2099 1273 2128 δι’
1291 2098 1412 2127 ἐλπίδα
1436 2097 1612 2126 καταλλα-

905 2152 987 2187 γῶν,
1003 2150 1092 2178 οὐδὲν
1109 2148 1228 2187 ἐχθρὸν
1245 2148 1367 2187 φυτὸν,
1390 2146 1482 2176 ἀλλά
1495 2146 1611 2175 πάντα

135 2320 333 2366 Halyattes
351 2317 494 2353 carried
516 2327 565 2352 on
582 2316 727 2362 against
753 2314 818 2349 the
842 2314 1046 2355 Milesians,
1072 2313 1137 2348 the
1156 2313 1359 2348 Thracians
1378 2312 1524 2357 against
1546 2311 1611 2346 the

135 2377 370 2423 Byzantines,
383 2375 448 2410 the
462 2376 627 2410 Romans
645 2373 789 2418 against
806 2371 870 2406 the
886 2371 1146 2417 Campanians,
1165 2371 1384 2415 Capenates,
1399 2369 1614 2414 Spaniards,

136 2434 345 2479 Ligurians,
367 2432 563 2473 Nervians,
583 2430 816 2475 Menapians.
868 2429 943 2463 But
960 2428 993 2462 if
1017 2439 1091 2474 you
1120 2427 1240 2471 wcigh
1266 2426 1330 2460 the
1359 2429 1498 2459 matter
1518 2425 1612 2466 well,

137 2502 213 2536 you
236 2490 311 2523 will
340 2489 418 2523 find.
447 2488 530 2523 that
555 2487 647 2523 such
671 2486 852 2533 practices
882 2496 946 2520 are
969 2484 1165 2525 admitted,
1186 2483 1313 2518 rather
1334 2481 1497 2526 through
1517 2481 1614 2526 spite

137 2547 229 2581 thau
246 2546 446 2592 prudence.
495 2545 571 2579 For
591 2545 621 2579 it
646 2543 836 2589 generally
856 2542 1036 2588 happens,
1066 2541 1187 2576 either
1216 2540 1300 2574 that
1320 2539 1426 2573 these
1457 2539 1614 2572 motives

140 2615 257 2644 cease,
272 2614 314 2638 or
329 2603 411 2637 that
424 2601 533 2637 other
548 2602 703 2635 motives
719 2599 838 2634 which
852 2603 912 2634 act
925 2599 990 2634 the
1007 2598 1115 2633 other
1128 2609 1207 2643 way
1221 2608 1284 2631 are
1300 2607 1404 2630 more
1417 2595 1610 2641 powerful.

212 2661 262 2695 II.
316 2664 334 2694 1
368 2659 466 2694 That
487 2658 560 2692 will
575 2658 622 2692 be
636 2657 700 2692 the
718 2668 811 2698 case,
829 2657 868 2690 in
885 2656 949 2691 the
970 2656 1051 2690 first
1066 2655 1185 2701 place,
1207 2654 1239 2687 if
1252 2665 1307 2688 we
1328 2663 1392 2687 are
1409 2653 1448 2686 in
1467 2663 1612 2697 posses-

139 2718 221 2754 sion
239 2717 282 2752 of
297 2716 362 2751 the
380 2719 538 2760 country
558 2714 677 2749 which
695 2714 812 2760 yields
830 2713 1047 2759 provisions,
1064 2723 1104 2746 so
1123 2711 1206 2745 that
1223 2711 1252 2744 it
1271 2713 1408 2744 cannot
1424 2709 1520 2743 avail
1547 2709 1612 2743 the

140 2786 275 2820 enemy
299 2774 358 2808 for
382 2773 481 2808 their
501 2772 646 2818 supply.
699 2771 784 2804 And
806 2775 845 2805 to
867 2770 940 2804 this
958 2769 1065 2814 point
1083 2767 1259 2814 properly
1279 2766 1389 2800 tends
1406 2766 1471 2800 the
1489 2766 1614 2800 divine

139 2833 211 2866 law
233 2832 362 2875 (Deut.
382 2842 438 2864 xx.
458 2834 513 2871 19,
531 2826 604 2870 20),
621 2828 741 2863 which
766 2827 907 2862 forbids
925 2826 989 2860 tho
1015 2826 1161 2870 cutting
1182 2824 1289 2859 down
1315 2823 1525 2858 fruit-trees
1554 2823 1615 2857 for

140 2889 325 2925 bulwarks
342 2888 416 2923 and
437 2887 545 2923 other
572 2886 723 2921 warlike
751 2896 846 2926 uses,
874 2883 947 2918 and
971 2883 1095 2929 points
1118 2885 1183 2917 out
1204 2885 1302 2917 trees
1323 2880 1444 2915 which
1469 2881 1516 2915 do
1546 2883 1614 2914 not
