1971 3326
120 369 178 394 Lib.
191 370 207 394 i.
222 371 284 394 Ant.

121 401 196 426 Rom.
210 408 231 425 c.
244 402 282 425 58.

119 697 174 729 Pag
194 699 240 726 473
252 704 277 722 c.

119 830 177 856 Lib.
190 833 316 857 xxxv.5l.

344 176 396 216 60
537 182 605 216 DE
637 181 800 216 BELLO
832 181 991 216 JUSTO
1024 181 1138 215 SIVE
1172 181 1396 215 SOLENNI
1425 181 1556 216 JURE
1617 178 1714 222 [Lm.
1736 180 1805 214 111.

343 288 564 343 τομένους·
603 308 685 334 non
718 301 778 334 est
801 293 915 346 quod
937 292 1077 333 verbis
1106 299 1145 332 et
1168 291 1360 344 judiciis
1384 292 1663 345 disceptemus
1686 291 1806 331 ultra

342 360 474 401 verba
513 360 615 401 loesi.
687 359 743 400 Et
784 357 957 399 Latinus
996 356 1108 412 apud
1151 355 1583 397 Halicarnassensem:
1620 353 1698 399 τὸν
1732 351 1807 415 ἄρ-

341 444 484 486 χοντα
529 421 728 474 πολέμου
774 425 857 469 mis
893 420 916 466 0t
963 422 1207 482 προπάθων
1251 418 1476 473 ἀμύνεται·
1514 421 1667 463 bellum
1699 423 1806 477 ‘loffe-

342 501 501 534 rentem
533 494 573 534 is
604 492 681 546 qui
715 491 939 545 impetitur
971 503 1001 529 a
1036 503 1078 530 se
1108 489 1308 544 repellere
1341 488 1454 529 solet.
1520 487 1577 528 Et
1614 487 1806 529 AElianus

340 573 393 600 ex
416 558 589 599 Platone
613 556 684 604 ait,
707 555 841 610 3quod
865 555 919 596 ad
943 554 1263 610 propulsandam
1286 553 1368 595 vim
1393 552 1610 609 suscipitur
1640 553 1803 605 bellum,

337 638 420 665 non
454 638 479 666 a
513 623 794 670 caduceatore,
832 621 904 663 sed
939 635 965 662 a.
999 627 1149 663 natura
1179 620 1313 661 indici.
1385 619 1494 661 Hinc
1529 618 1640 660 Dion
1671 620 1806 676 Chry-

337 695 538 731 sostomus
561 689 603 730 in
627 703 677 730 ea
699 702 792 744 quae
817 692 878 729 est
900 687 954 729 ad
978 688 1018 728 N
1021 686 1324 735 icomedienses,
1350 683 1536 735 πόλεμοι
1567 684 1620 732 ὠς
1648 682 1724 729 ἐπὶ
1750 683 1805 729 τὸ

338 757 559 801 πλεῖστον
594 751 825 815 ἀκήρυκτοι
860 754 1119 812 γίγνονται·
1151 754 1361 809 pleraque
1391 754 1503 795 bella
1532 753 1623 794 sine
1646 754 1805 794 (lenun-

339 825 519 865 tiatione
558 823 869 877 suscipiuntur.
938 820 1027 861 Nec
1070 820 1122 861 ob
1163 819 1286 861 aliam
1330 833 1494 861 causam
1535 818 1676 860 Livius
1717 820 1805 860 Me-

335 889 461 946 nippo
487 889 683 945 praefecto
714 885 909 929 Antiochi
943 885 1083 942 objicit
1111 886 1221 942 quod
1251 886 1459 927 Romanos
1483 885 1680 941 quosdam
1704 885 1804 926 ceci-

336 955 463 998 disset
485 955 667 997 nondum
701 960 774 995 aut
808 952 959 995 indicto
996 952 1114 1001 bello,
1147 958 1219 994 aut
1251 952 1310 994 ita
1333 951 1546 993 commisso
1569 958 1615 994 ut
1638 951 1803 993 strictos

335 1022 495 1079 gladios
533 1027 606 1064 aut
643 1019 885 1077 sanguinem
922 1033 1095 1074 usquam
1140 1019 1295 1060 factum
1339 1018 1575 1060 audissent:
1620 1032 1668 1059 eo
1714 1017 1803 1073 ipso

335 1088 554 1130 ostendens
590 1103 641 1130 ex
673 1087 736 1129 his
768 1086 926 1128 duobus
960 1086 1136 1127 alterum
1167 1084 1347 1140 potuisse
1381 1084 1435 1126 ad
1470 1083 1568 1126 facti
1602 1084 1803 1126 defensio-

334 1169 428 1196 nem
452 1155 647 1196 sufficere.
719 1154 866 1208 Neque
890 1151 1022 1208 magis
1059 1165 1133 1206 per
1157 1157 1318 1192 naturae
1336 1151 1404 1206 jus
1428 1149 1595 1192 indictio
1617 1164 1800 1192 necessa-

332 1221 396 1263 ria
419 1226 494 1271 est,
518 1220 552 1262 si
575 1219 762 1262 dominus
784 1218 845 1259 rei
869 1232 953 1259 suae
977 1232 1143 1259 manum
1167 1217 1333 1273 injicere
1358 1217 1466 1259 velit.

434 1288 461 1329 2
507 1287 570 1329 At
605 1285 764 1342 quoties
795 1299 870 1340 pro
905 1298 952 1326 re
986 1298 1068 1326 una
1107 1298 1174 1325 res
1211 1284 1304 1333 alia,
1343 1290 1416 1326 aut
1451 1298 1526 1340 pro
1562 1283 1699 1326 debito
1731 1298 1801 1325 res

332 1353 529 1396 debitoris
552 1352 773 1402 invaditur,
799 1351 1009 1407 multoque
1042 1349 1173 1408 magis
1200 1350 1232 1392 si
1265 1365 1332 1392 res
1367 1365 1509 1392 eorum
1533 1350 1602 1406 qui
1626 1349 1802 1392 debitori

331 1465 458 1502 τύρατο
504 1463 636 1493 πάντας
675 1463 866 1501 ἀνθρώπους
903 1474 944 1492 τε
979 1463 1033 1492 καὶ
1099 1463 1155 1492 sed
1179 1463 1315 1501 scriptor
1339 1463 1559 1492 Tacticorum:
1581 1462 1647 1501 qui,
1668 1465 1705 1491 ut
1726 1471 1801 1500 pro-

332 1515 440 1551 θεοὺς,
462 1515 517 1543 ἐπὶ
540 1515 591 1552 τῷ
617 1513 874 1552 προκατῆρχθαι
894 1514 954 1542 τοῦ
971 1525 1032 1542 πο·
1100 1514 1164 1549 bet,
1185 1516 1299 1542 Artem
1315 1514 1487 1542 Militarem
1509 1513 1649 1541 omnium
1671 1511 1801 1541 utilissi-

331 1565 431 1602 λέμου
452 1565 512 1593 ’τὸν
533 1563 691 1601 βασιλέα·
713 1573 814 1592 omnes
829 1564 915 1592 Deos
935 1563 1033 1592 homi·
1099 1572 1182 1591 mam
1206 1572 1283 1598 esse,
1304 1563 1359 1598 ait,
1386 1562 1532 1591 omnibus
1557 1561 1747 1590 Hominibus
1771 1564 1803 1589 et

332 1625 443 1654 nesqzce
465 1615 645 1651 testabatur,
668 1615 819 1652 inceptum
840 1623 861 1643 α
880 1623 951 1652 reqe
969 1614 1031 1642 bel·
1101 1613 1482 1649 Civitatibus,secundum
1495 1613 1801 1647 Platoneni,belluni

333 1666 406 1695 lum.
453 1665 554 1703 (Pag.
577 1663 666 1700 297.)
716 1664 810 1693 Adde
838 1673 909 1701 quae
938 1663 1034 1693 habet
1099 1663 1184 1692 inter
1198 1673 1231 1692 se
1246 1672 1313 1692 esse
1329 1664 1527 1700 naturaliter,
1537 1667 1569 1693 et
1583 1663 1709 1702 quidem
1723 1661 1802 1697 dmi-

333 1715 479 1744 Mariana
494 1724 570 1744 xlx.
582 1716 630 1744 13.
672 1713 722 1743 De
736 1714 821 1758 bellp
836 1722 898 1742 non
915 1713 1032 1742 indicto
1099 1724 1233 1751 ρυκτον.
1255 1713 1358 1742 Locus
1373 1717 1420 1742 est
1436 1723 1504 1752 cap.
1517 1714 1537 1742 i.
1553 1723 1626 1752 pag.
1639 1715 1688 1742 12.
1710 1713 1800 1741 Edit.

332 1766 403 1794 vide
417 1765 600 1803 Dexippum
617 1764 649 1793 in
665 1764 822 1802 excerptis
840 1764 879 1792 de
897 1763 1032 1802 legatio-
1100 1763 1209 1791 Arcer.
1228 1762 1315 1793 1613.
1354 1763 1436 1792 Vide
1451 1764 1535 1801 apud
1550 1763 1653 1801 ipsum
1670 1763 1799 1792 PLATo-

333 1815 443 1845 nibus:
465 1815 552 1852 (pag.
570 1815 598 1844 6.
640 1814 732 1843 Edit.
748 1813 915 1851 Hoeschel.)
1100 1822 1185 1850 mm,
1203 1814 1252 1842 De
1262 1813 1357 1852 Leyq.
1376 1813 1445 1843 Lib.
1458 1822 1480 1843 1.
1498 1823 1572 1852 pag.
1585 1813 1644 1844 626
1658 1822 1689 1843 A.
1708 1813 1799 1843 Tom.

391 1863 404 1881 ³
424 1864 556 1893 Minime
566 1864 708 1902 loquitur
719 1864 758 1892 de
767 1863 796 1891 vi
808 1862 1032 1901 propulsanda,
1102 1872 1142 1893 11.
1182 1863 1218 1892 J.
1234 1863 1276 1893 B.

333 1924 391 1943 nec
406 1914 508 1951 magis
524 1914 561 1942 de
580 1913 752 1941 indictione
768 1913 914 1950 quadam,
935 1912 1032 1941 [ΕΜ-
1161 1912 1168 1934 ¹
1189 1913 1326 1942 Honeste
1340 1916 1439 1943 tamen
1451 1917 1479 1943 et
1489 1914 1692 1943 laudabiliter
1708 1914 1800 1943 inler-

332 1972 427 1999 ANUS,
450 1963 598 1991 nimirum
614 1971 677 1991 non
694 1963 817 1990 Auctor
837 1961 889 1990 ille
906 1962 1033 1990 notissi-
1095 1962 1242 2002 ponitur]
1265 1964 1347 1993 Vide
1363 1964 1541 1992 Marianam
1557 1972 1670 1992 xxvii.
1689 1965 1737 1993 13.

332 2024 402 2043 mus
437 2013 537 2043 Γανὶιε
564 2012 727 2048 Historiae,
761 2016 793 2041 et
822 2012 1032 2048 Animalium,
1161 2018 1183 2033 ¹¹¹
1206 2013 1258 2042 De
1281 2013 1436 2042 tentandis
1458 2013 1633 2043 rationibus
1655 2013 1728 2043 belli
1750 2013 1799 2042 υἰ-

331 2167 393 2196 ‘not
422 2167 456 2195 to
488 2160 647 2205 wraoque
671 2159 710 2194 in
734 2160 850 2193 words
882 2161 958 2193 and
975 2160 1175 2206 pleaclinys,
1206 2161 1305 2206 being]
1334 2162 1501 2206 wroozyecl
1525 2161 1565 2195 in
1586 2171 1682 2194 ‘more
1711 2161 1798 2194 them

331 2219 459 2252 words.
521 2217 606 2251 And
636 2217 792 2251 Latinus
823 2217 861 2250 in
888 2217 1110 2262 Dionysius:
1142 2218 1200 2252 He
1227 2219 1303 2252 who
1336 2219 1451 2263 begyins
1479 2230 1502 2251 a
1534 2230 1613 2251 war
1643 2229 1728 2262 may
1760 2219 1797 2251 be

332 2275 483 2321 repelled
505 2275 549 2320 by
574 2275 627 2309 the
650 2274 806 2319 saffmem
868 2274 917 2308 So
944 2275 1053 2308 Elian
1077 2275 1175 2309 from
1201 2275 1321 2310 Plato.
1382 2276 1511 2309 Hence
1537 2275 1609 2308 Dio
1636 2274 1796 2319 Chryso-

331 2337 428 2367 stom
449 2343 530 2377 says
552 2331 635 2366 that
654 2337 743 2365 most
763 2343 859 2365 zvars
879 2343 941 2366 are
964 2333 1074 2376 begyzm
1093 2333 1239 2367 without
1259 2332 1478 2366 declaration
1506 2333 1551 2378 of
1569 2343 1657 2365 war.
1711 2331 1795 2366 And

331 2401 380 2424 011
401 2389 465 2424 the
485 2400 585 2423 same
617 2388 762 2434 ground
788 2389 881 2434 Livy
905 2389 1044 2434 obJects
1072 2394 1110 2424 to
1131 2390 1341 2435 Menippus,
1366 2389 1431 2423 the
1454 2388 1599 2434 prefect
1620 2388 1664 2422 of
1687 2388 1795 2422 Anti-

330 2447 456 2488 ochus,
477 2446 559 2481 that
579 2445 627 2480 he
652 2446 726 2480 had
747 2446 841 2480 slain
861 2447 1002 2480 certain
1022 2447 1197 2488 Romans,
1218 2459 1292 2481 war
1312 2447 1423 2492 being
1443 2445 1590 2480 neither
1610 2445 1795 2487 declared,

331 2516 401 2539 nor
420 2515 459 2539 so
480 2504 537 2538 far
559 2503 726 2549 existing‚
752 2503 834 2537 that
859 2503 948 2549 they
978 2503 1052 2538 had
1076 2504 1192 2539 heard
1214 2504 1256 2538 of
1282 2504 1418 2538 swords
1440 2504 1566 2538 drawn
1587 2503 1661 2537 and
1681 2503 1794 2538 blood

331 2562 445 2603 shed3
470 2561 556 2596 thus
573 2561 735 2606 shewing
752 2560 834 2595 that
854 2560 974 2595 either
992 2561 1035 2595 of
1051 2561 1156 2596 these
1176 2566 1248 2596 two
1266 2573 1366 2596 cases
1388 2561 1509 2595 would
1529 2559 1622 2595 have
1643 2560 1794 2595 sufficed

329 2619 389 2654 for
421 2619 485 2654 the
513 2619 664 2653 defense
696 2618 739 2653 of
764 2618 828 2653 the
857 2623 928 2653 act.
980 2619 1061 2652 Nor
1092 2619 1122 2652 is
1155 2619 1384 2653 declaration
1415 2618 1457 2653 of
1483 2629 1557 2651 war
1581 2629 1654 2663 any
1689 2628 1792 2653 more

329 2688 535 2722 necessary,
556 2676 589 2710 if
604 2676 668 2711 the
686 2687 810 2710 owner
826 2679 1002 2721 attempts
1019 2680 1057 2710 to
1079 2676 1139 2721 lay
1159 2676 1277 2710 hands
1299 2687 1398 2722 upon
1419 2675 1476 2709 his
1497 2686 1578 2709 own
1599 2679 1788 2720 property.

403 2738 424 2768 2
463 2735 538 2768 But
563 2733 757 2768 whenever
787 2744 858 2767 one
882 2733 990 2778 thing
1019 2733 1048 2767 is
1080 2734 1193 2768 taken
1223 2745 1262 2768 as
1293 2733 1454 2778 security
1474 2731 1533 2766 for
1559 2731 1727 2772 another,
1748 2742 1791 2765 or

330 2790 395 2825 the
416 2795 593 2836 property
619 2791 662 2825 of
686 2791 751 2825 the
779 2790 912 2825 debtor
932 2791 961 2825 is
983 2790 1103 2825 seized
1124 2790 1183 2824 for
1203 2790 1267 2825 the
1289 2790 1389 2830 debt,
1416 2788 1490 2823 and
1522 2787 1598 2822 still
1626 2799 1740 2829 more,
1761 2789 1795 2822 if

329 2859 403 2892 any
424 2859 494 2882 one
515 2854 587 2882 sets
609 2848 723 2883 about
753 2848 881 2893 taking
905 2847 969 2882 the
990 2852 1168 2893 property
1189 2848 1232 2881 of
1256 2847 1361 2881 those
1382 2846 1463 2880 who
1484 2856 1547 2879 are
1568 2845 1728 2889 subjects
1750 2845 1793 2879 of

330 2904 395 2938 the
422 2904 566 2944 debtor,
594 2916 616 2938 a
640 2905 775 2939 formal
800 2905 961 2939 demand
987 2905 1016 2938 is
1040 2905 1227 2950 requisito,
1252 2904 1301 2948 by
1325 2902 1444 2937 which
1474 2902 1503 2936 it
1527 2913 1612 2947 may
1639 2913 1788 2948 appear,

330 2961 412 2996 that
433 2961 471 2994 in
492 2971 540 2994 no
562 2961 669 2995 other
690 2973 769 3007 way
789 2973 857 2996 can
884 2973 937 2997 we
963 2962 1090 2997 obtain
1112 2973 1181 2996 our
1206 2964 1383 3006 property
1403 2970 1445 2994 or
1465 2970 1533 2993 our
1553 2959 1653 2994 debt.
1715 2959 1790 2993 For
