1971 3326
121 185 213 221 CAP.
234 182 280 228 1.]
340 184 565 220 REGULAE
599 184 904 220 GENERALES
935 185 1006 220 EX
1037 186 1167 221 JURE
1198 185 1437 221 NATURAE.
1534 182 1586 222 35

123 299 271 337 vocant
314 293 460 349 primae
498 293 687 344 notionis,
726 292 923 337 talterum
958 295 1140 338 habeant
1173 295 1374 345 secundae,
1414 310 1588 352 eumque

123 360 284 403 varium
322 359 571 402 useeundum
611 361 747 403 varias
781 367 905 411 artes,
944 367 1032 404 tum
1060 376 1159 404 vero
1200 361 1302 403 alios
1341 377 1502 418 quoque
1535 377 1587 403 ex

123 426 392 469 translatione
424 441 472 468 ac
507 426 705 469 similibus
735 428 891 484 figuris.
961 428 1108 483 Neque
1144 429 1277 484 magis
1309 442 1450 470 eorum
1482 443 1588 469 com-

123 498 306 535 mentum
339 493 481 548 prolm,
519 493 602 548 qui,
643 494 760 549 quasi
803 509 943 536 vocem
983 508 1064 535 non
1104 509 1192 536 rem
1233 495 1586 544 exhorrescerent,

118 559 212 616 joca
234 565 381 601 vocant
410 574 459 601 ea
483 573 574 614 quae
599 560 715 602 vultu
739 574 786 602 ac
807 559 1140 616 pronuntiatione
1164 560 1342 602 maxime
1366 560 1474 602 seria
1495 575 1589 617 pro-

123 626 325 668 feruntur.

222 693 384 735 XVIII.
455 691 674 734 Sciendum
709 706 809 734 vero
848 706 940 747 quae
977 692 1029 733 de
1060 691 1288 748 falsiloquio
1326 692 1503 735 diximus
1535 694 1589 735 ad

123 764 375 800 asserentem
402 772 644 807 sermonem,
674 762 716 800 et
739 757 905 813 quidem
934 757 1058 799 talem
1086 757 1155 813 qui
1186 758 1286 799 nulli
1315 759 1391 799 nisi
1426 760 1587 815 publico

123 825 233 867 hosti
256 829 415 874 noceat,
440 827 549 865 Xnon
572 824 626 866 ad
655 823 963 880 promittentem
987 823 1218 866 referenda.
1283 825 1392 865 Nam
1416 839 1470 866 ex
1494 840 1589 881 pro-

123 891 326 943 missione,
350 896 396 932 ut
413 890 498 947 jam
524 890 645 932 modo
677 890 813 932 dicere
837 889 1043 946 coepimus,
1071 890 1139 946 jus
1161 889 1335 946 speciale
1366 905 1413 932 ac
1437 906 1587 932 novum

123 956 332 999 confertur
356 956 394 998 ei
425 957 489 999 eui
513 957 559 998 fit
582 956 821 1014 promissio:
856 956 980 1012 idque
1004 957 1113 998 inter
1136 957 1275 999 hostes
1298 956 1422 998 etiam
1450 957 1585 999 locum

122 1023 290 1073 habere,
320 1023 407 1066 sine
434 1023 517 1065 ulla
541 1023 779 1066 hostilitatis
806 1022 894 1079 jam
925 1023 1140 1065 existentis
1171 1023 1423 1080 exceptione,
1453 1038 1587 1080 neque

122 1095 284 1132 tantum
308 1089 351 1131 in
374 1089 583 1146 promissis
607 1090 826 1146 expressis,
861 1089 933 1132 sed
957 1095 999 1132 et
1022 1089 1065 1131 in
1089 1089 1237 1140 tacitis,
1261 1096 1307 1132 ut
1330 1090 1371 1131 in
1400 1090 1589 1146 colloquii

122 1156 399 1212 postulatione
422 1157 694 1206 ostendemus,
729 1171 819 1198 cum
843 1156 897 1198 ad
929 1171 1019 1198 eam
1043 1163 1216 1213 partem,
1252 1171 1344 1213 quae
1369 1157 1420 1199 de
1443 1156 1524 1199 fide
1547 1157 1590 1198 in

122 1222 230 1265 bello
253 1223 457 1265 servanda
481 1229 555 1273 est,
581 1228 750 1265 ventum
772 1222 861 1265 erit.

223 1289 342 1331 XIX.
411 1289 520 1332 Illud
561 1304 723 1345 quoque
759 1304 810 1331 ex
850 1288 1064 1345 superiori,
1108 1303 1200 1345 quae
1236 1289 1287 1331 de
1316 1289 1588 1346 jurejurando

121 1353 211 1404 fuit,
237 1355 523 1398 dissertatione
557 1356 827 1412 repetendum
852 1361 926 1405 est,
963 1355 1050 1397 sive
1074 1355 1116 1397 id
1147 1356 1391 1398 assertivum
1415 1356 1479 1406 sit,
1503 1356 1589 1398 sive

121 1421 420 1477 promissivum,
450 1422 532 1464 vim
564 1423 719 1465 habere
754 1422 998 1464 excludendi
1021 1437 1161 1464 omnes
1189 1422 1460 1479 exceptiones,
1498 1437 1590 1479 quae

180 1532 194 1548 ¹¹
218 1526 389 1557 Secundum
403 1528 512 1557 varias
525 1528 623 1566 artes]
655 1528 737 1558 Vide
752 1538 822 1567 quae
890 1527 1027 1562 δίκαιον,
1048 1526 1138 1556 (ἑλλοὶ
1163 1527 1216 1556 καὶ
1238 1527 1317 1566 δόξα
1338 1528 1465 1567 πολλή,
1482 1529 1590 1558 καὶτὸ

120 1585 218 1615 supra
231 1580 340 1607 notata
353 1579 393 1607 ad
408 1579 642 1616 paragraphum
655 1578 821 1607 decimum.
889 1577 958 1616 μεθ’
984 1577 1095 1613 ἡδονῆς
1123 1578 1300 1617 κερδαίνειν
1327 1578 1451 1609 ἔνεστι·
1473 1580 1592 1616 federa

180 1631 196 1648 Χ
219 1627 298 1656 Non
319 1627 365 1656 ad
378 1627 619 1666 promittentem]
644 1628 823 1666 Distinguit
889 1628 1019 1664 violare,
1035 1628 1121 1657 Deos
1136 1632 1179 1657 est
1194 1633 1390 1658 contemnere.
1432 1630 1541 1659 Extra
1555 1640 1593 1659 ea

121 1677 188 1706 haec
199 1679 232 1706 et
247 1677 415 1716 Agesilaus
430 1681 462 1707 et
476 1687 547 1707 cum
562 1687 598 1707 eo
614 1678 818 1707 Plutarchus:
890 1679 991 1707 verbis
1005 1679 1117 1707 hostem
1132 1679 1282 1717 decipere,
1299 1679 1484 1716 nonjustzmz
1503 1680 1592 1708 modo

123 1727 164 1756 τὸ
179 1728 237 1766 μὲν
257 1728 478 1766 σπεισάμενον
493 1728 628 1765 ἀδικεῖν,
643 1729 711 1757 τῶν
733 1729 822 1757 Θεῶν
890 1732 943 1764 est,
966 1728 1021 1757 sed
1037 1732 1065 1757 et
1079 1729 1222 1767 'qloriam
1246 1729 1346 1767 habet,
1370 1734 1397 1758 et
1416 1739 1483 1759 cum
1505 1730 1592 1758 lucro

122 1776 198 1806 ἐστι
213 1781 456 1815 καταφρονεῖν·
471 1779 504 1807 ὲν
519 1778 551 1807 δὲ
565 1779 617 1816 τῷ
630 1777 821 1815 παραλογί-
890 1779 1085 1816 voluptatem.
1131 1778 1211 1817 [Fit.
1232 1780 1351 1818 Agesil.
1379 1789 1453 1818 pag.
1478 1780 1536 1810 600
1558 1789 1591 1808 D.

122 1826 236 1865 ζεσθαι
263 1828 341 1857 τοὺς
367 1827 558 1866 πολεμίους,
581 1828 618 1856 οὐ
652 1827 751 1865 μόνον
779 1827 821 1856 τὸ
892 1828 984 1857 Tom.
1001 1837 1024 1858 Ι.
1037 1828 1101 1858 Ed.
1121 1828 1266 1867 Wecltel]

124 1986 223 2021 their
242 1985 407 2032 primary
422 1985 607 2032 meaning,
628 1997 670 2021 or
690 1986 937 2032 signification
957 1986 1001 2022 of
1020 1986 1101 2022 first
1125 1987 1267 2028 notion,
1288 1986 1448 2022 another
1467 1998 1593 2022 mean·

124 2043 198 2088 ing,
219 2043 284 2078 the
304 2043 550 2088 signification
571 2043 614 2078 of
630 2043 766 2078 second
787 2044 928 2085 notion,
945 2044 1020 2078 and
1041 2043 1135 2086 that,
1159 2045 1304 2078 various
1333 2044 1532 2090 according
1552 2049 1591 2078 to

125 2099 189 2134 the
209 2100 355 2134 various
376 2100 560 2134 technical
577 2101 832 2146 applications,
850 2101 924 2135 and
941 2100 1050 2135 other
1066 2102 1258 2146 meanings
1278 2101 1376 2134 from
1394 2101 1591 2146 metaphor

124 2167 167 2191 or
187 2156 296 2191 other
314 2157 461 2202 figures.
524 2157 606 2192 Nor
633 2157 680 2192 do
709 2158 728 2191 I
755 2169 859 2193 more
890 2169 1053 2204 approve
1074 2157 1138 2192 the
1160 2158 1289 2192 device
1311 2158 1353 2192 of
1370 2157 1475 2192 those
1496 2158 1589 2199 who,

123 2224 163 2251 as
184 2214 217 2247 if
232 2213 322 2259 they
342 2225 438 2248 were
459 2214 579 2248 afraid
600 2214 643 2248 of
668 2214 733 2249 the
761 2215 862 2249 word
883 2215 970 2261 only
990 2215 1064 2249 and
1084 2219 1151 2249 not
1171 2215 1236 2249 the
1256 2214 1373 2260 thing,
1395 2215 1464 2249 call
1486 2215 1592 2250 those

124 2271 354 2316 expressions
379 2271 486 2318 jokes,
518 2271 638 2306 which
670 2282 734 2306 are
761 2272 912 2307 uttered
937 2272 1027 2307 with
1051 2272 1117 2307 the
1144 2275 1241 2307 most
1267 2272 1407 2307 serious
1438 2276 1590 2307 counte-

123 2338 242 2362 nance
262 2328 336 2362 and
356 2339 512 2363 manner
532 2328 574 2363 of
592 2328 765 2374 delivery.

194 2385 340 2420 XVIII.
403 2386 478 2420 But
499 2386 528 2420 it
548 2386 578 2420 is
599 2389 637 2420 to
658 2385 705 2419 be
726 2385 905 2421 observed
926 2385 1009 2421 that
1028 2386 1127 2421 what
1147 2398 1200 2421 we
1220 2386 1314 2421 have
1336 2386 1416 2420 said
1438 2386 1480 2420 of
1499 2386 1592 2421 false

124 2442 303 2487 speaking
327 2442 365 2476 in
390 2446 575 2488 assertory
595 2442 811 2484 discourses,
829 2443 977 2489 applied
1002 2454 1042 2478 so
1068 2443 1150 2478 that
1175 2444 1205 2478 it
1230 2455 1297 2478 ean
1316 2443 1471 2488 damage
1492 2454 1591 2477 none

124 2502 256 2544 except
281 2509 303 2532 a
327 2499 454 2544 public
487 2510 631 2544 enemy,
656 2500 686 2533 is
720 2503 786 2534 not
818 2504 857 2534 to
883 2501 930 2535 be
954 2501 1123 2535 referred
1148 2505 1187 2535 to
1219 2501 1444 2546 promissory
1469 2499 1591 2533 decla-

124 2555 276 2590 rations.
339 2556 414 2589 For
442 2555 540 2590 from
570 2567 592 2590 a
621 2557 795 2601 promise,
826 2568 866 2592 as
898 2569 951 2593 we
983 2558 1077 2592 have
1102 2558 1225 2603 partly
1250 2557 1339 2598 said,
1366 2568 1387 2590 a
1412 2567 1491 2590 new
1517 2556 1591 2590 and

124 2612 263 2657 special
293 2611 393 2657 right
422 2612 453 2646 is
478 2612 672 2647 conferred
704 2624 752 2648 on
782 2614 859 2648 him
890 2619 929 2649 to
966 2614 1088 2649 whom
1121 2614 1185 2650 the
1216 2614 1376 2660 promise
1402 2613 1431 2646 is
1457 2613 1590 2654 made3

124 2669 200 2704 and
224 2669 297 2703 this
327 2669 434 2703 holds
459 2680 551 2704 even
576 2669 744 2704 between
769 2671 942 2713 enemies,
967 2671 1123 2705 without
1159 2682 1231 2716 any
1256 2670 1451 2715 exception
1481 2681 1520 2704 as
1550 2674 1590 2704 to

124 2725 294 2773 hostility
319 2727 476 2771 existing
501 2730 539 2760 at
564 2726 627 2761 the
653 2732 839 2769 moment3
866 2729 941 2762 and
965 2732 1031 2762 not
1057 2728 1144 2773 only
1169 2729 1205 2761 in
1228 2738 1375 2772 express
1400 2727 1591 2772 promiseS,

124 2783 193 2818 but
223 2784 300 2818 also
330 2784 369 2818 in
400 2784 490 2818 tacit
521 2795 620 2823 ones,
657 2795 695 2818 as
731 2795 784 2818 we
824 2784 919 2819 shall
955 2785 1053 2819 shew
1093 2785 1131 2818 in
1168 2784 1347 2829 speaking
1378 2784 1420 2818 of
1449 2784 1589 2830 parley,

124 2840 233 2875 when
257 2852 311 2876 we
336 2852 441 2876 come
466 2845 505 2876 to
531 2841 612 2876 that
633 2845 718 2887 part
742 2840 861 2875 which
887 2853 1064 2876 concerns
1089 2841 1153 2876 the
1177 2841 1337 2887 keeping
1367 2840 1410 2876 of
1429 2841 1526 2875 saith
1550 2842 1590 2875 in

124 2908 210 2932 war.

194 2955 304 2990 XIX.
366 2955 538 2999 Further,
563 2966 618 2991 we
643 2959 742 2991 must
768 2955 876 3002 again
903 2955 1016 3002 apply
1041 2955 1140 2991 what
1161 2967 1215 2991 we
1242 2955 1336 2991 have
1363 2955 1441 2990 said
1462 2955 1500 2989 in
1521 2966 1589 2989 our

1336 3023 1455 3063 3—⁶2
