1971 3326
131 147 325 195 c.11›.1V.]
389 151 458 185 DE
489 151 619 186 JURE
652 150 1044 185 INTERFICIENDI
1077 149 1286 191 IIOSTES,
1317 149 1425 184 ETO.
1545 144 1596 185 71

129 258 283 302 Martio
313 264 355 303 et
389 260 560 303 ulterius
589 260 641 302 ab
666 258 893 315 AEquicolis
928 258 1125 315 petiisset,
1158 258 1214 300 sic
1241 258 1326 300 ait:
1364 261 1404 301 si
1428 259 1600 314 quando

128 327 317 369 homines
352 336 430 369 aut
454 328 674 369 animalia
709 328 764 368 ab
793 327 947 381 aliqua
968 334 1089 381 flente
1119 333 1254 380 rapta
1278 333 1410 368 essent
1438 326 1601 380 populo

129 394 338 443 Romano,
373 409 467 436 cum
478 394 732 448 socialibus,
767 393 816 434 id
840 400 912 441 est,
946 393 1252 441 sacerdotibus,
1284 393 1361 447 qui
1374 392 1601 446 faciendis

121 467 324 515 proesunt
341 461 581 515 federibus,
610 460 967 514 proficiscebatur
998 460 1130 500 etiam
1151 466 1283 513 pater
1306 466 1536 513 patratus,
1562 465 1602 499 et

127 533 228 567 ante
241 527 352 579 fines
369 534 491 568 stans
515 527 641 567 clara
658 539 754 567 voce
778 526 947 566 dicebat
973 525 1072 566 belli
1090 539 1281 574 causam,
1305 532 1344 566 et
1361 524 1601 566 nolentibus

127 606 196 633 res
219 600 374 647 captas
396 593 630 640 restituere,
664 592 732 632 vel
761 599 956 632 auctores
984 591 1159 644 injuria
1191 592 1375 639 tradere,
1403 591 1600 644 jaciebat

127 658 313 707 hastam,
350 673 444 714 quoe
482 673 550 699 res
589 665 686 698 erat
717 671 878 712 puynoe
919 657 1201 711 principium,
1238 665 1277 698 ct
1307 657 1406 710 jani
1444 657 1600 697 licebat

126 737 242 765 more
263 725 362 765 belli
390 738 458 765 res
488 737 652 777 rapere.
723 722 832 763 Ante
864 728 1002 763 autem
1035 721 1221 763 dixerat:
1257 730 1413 764 veteres
1450 723 1600 763 loeclere

127 803 194 831 res
217 804 370 843 rapere
394 789 604 837 dicebant,
631 789 804 830 etiamsi
825 789 996 843 rapina7
1014 788 1181 828 nullum
1205 789 1365 829 crimen
1389 789 1597 836 existeret,

127 855 331 896 similiter
354 856 610 910 satisfacere
640 869 710 897 res
732 855 909 896 reddere
941 854 1148 895 dicebant.
1217 852 1377 903 Quibus
1405 853 1599 894 docemur

126 919 223 962 belli
252 919 362 962 inter
385 920 487 963 duos
511 920 683 977 populos
714 934 908 961 eorumve
940 918 1076 975 capita
1098 917 1242 961 indicti
1265 918 1458 961 aeffectus
1481 933 1600 975 quos-

127 985 222 1028 dam
246 1000 335 1028 esse
359 986 561 1043 proprios,
599 986 669 1042 qui
692 985 844 1028 bellum
874 1000 926 1027 ex
959 999 1033 1027 sua
1057 990 1208 1027 natura
1231 1000 1313 1027 non
1344 991 1598 1040 sequuntur:

126 1052 237 1107 quod
271 1066 362 1093 cum
388 1052 436 1093 iis
472 1052 624 1109 optime
654 1051 845 1095 convenit
870 1066 962 1108 quae
997 1066 1049 1094 ex
1075 1050 1378 1108 jurisconsultis
1402 1051 1601 1093 Romanis

125 1117 246 1160 modo
271 1117 492 1160 attulimus.

221 1184 278 1227 ΙΙ.
325 1185 350 1226 1
390 1183 472 1227 Sed
494 1183 604 1240 quod
629 1183 736 1227 dixit
758 1183 957 1241 Virgilius
982 1185 1136 1234 licebit,
1167 1184 1378 1227 videamus
1401 1198 1482 1240 quo
1506 1198 1601 1240 per-

126 1249 266 1293 tineat.
321 1250 537 1293 Interdum
561 1250 669 1292 enim
699 1250 823 1292 licere
851 1249 1000 1292 dicitur
1023 1249 1066 1292 id
1099 1251 1209 1306 quod
1231 1256 1390 1293 rectum
1413 1265 1467 1293 ex
1491 1250 1601 1292 omni

126 1322 247 1373 parte
278 1316 471 1373 piumque
496 1322 571 1368 est,
597 1316 755 1358 etiamsi
786 1316 895 1358 forte
925 1315 1036 1358 aliud
1061 1316 1159 1371 quid
1182 1316 1273 1358 fieri
1304 1316 1432 1372 possit
1456 1317 1600 1359 lauda-

126 1382 259 1432 bilius,
285 1382 406 1439 quale
430 1388 492 1425 est
515 1382 615 1424 illud
640 1382 758 1424 Pauli
782 1382 980 1438 apostoli:
1011 1380 1159 1426 πάντα
1183 1382 1252 1436 μοὶ
1276 1378 1467 1440 ἔξεστιν,
1493 1379 1597 1427 ἀλλ’

127 1446 175 1492 οὐ
212 1447 361 1494 πάντα
393 1445 623 1511 συμφέρει·
656 1450 804 1490 omnia
840 1448 963 1502 (illius
987 1448 1138 1490 scilicet
1172 1449 1337 1506 generis
1361 1449 1475 1505 cujus
1504 1454 1600 1491 sunt

127 1515 180 1557 de
204 1515 352 1571 quibus
374 1530 501 1572 agere
525 1521 706 1572 coeperat
730 1520 772 1557 et
795 1520 961 1557 acturus
983 1516 1090 1569 erat)
1116 1516 1244 1557 licent
1266 1516 1388 1564 milii,
1419 1517 1494 1558 sed
1516 1530 1600 1556 non

127 1584 274 1624 omnia
308 1584 548 1638 eccpediunt.
615 1581 682 1624 Sic
727 1576 849 1623 blicet
888 1580 1192 1623 matrimonium
1230 1581 1489 1633 contrahere,
1526 1581 1601 1623 sed.

126 1647 372 1690 laudabilior
410 1654 473 1691 est
502 1663 554 1690 ex
589 1648 655 1704 pio
696 1646 906 1704 proposito
943 1647 1090 1688 coelebs
1122 1647 1299 1696 castitas,
1336 1652 1384 1689 ut
1417 1647 1470 1688 ad
1506 1647 1600 1688 Pol-

126 1713 297 1756 lentium
337 1730 391 1757 ex
429 1715 572 1757 eodem
615 1714 811 1771 Apostolo
851 1713 1016 1755 disserit
1056 1713 1325 1770 Augustinus.
1390 1714 1600 1769 Repetere

127 1793 291 1837 quoque
321 1780 486 1837 nuptias
516 1780 622 1829 licet,
659 1779 732 1822 sed
760 1778 1004 1821 laudabilius
1039 1784 1102 1821 est
1133 1794 1214 1821 uno
1246 1784 1482 1822 contentum
1512 1794 1600 1821 esse

128 1890 263 1919 eundem
283 1890 353 1919 Lib.
368 1898 394 1919 1.
420 1888 464 1918 ad
483 1889 627 1918 Umorem.
672 1888 829 1928 Hierony·
897 1889 1034 1928 virqz'nes
1058 1889 1211 1926 Christus,
1235 1890 1313 1929 quia
1334 1894 1440 1929 sponte
1462 1891 1602 1921 tribuunt

128 1948 199 1968 mus
214 1940 364 1968 adversus
376 1938 568 1975 Helvidium,
583 1938 687 1976 (Tom.
698 1947 735 1969 11.
752 1948 828 1977 pag.
897 1939 982 1978 quod
1001 1939 1062 1968 sibi
1090 1949 1151 1969 non
1167 1940 1285 1978 fuerat
1312 1941 1507 1979 imperatum.
1549 1941 1604 1971 Ad

129 1990 178 2018 14.
202 1989 234 2017 in
257 1989 313 2019 fin.
336 1988 428 2018 Edit.
442 1988 562 2026 Basil.)
585 1988 674 2027 virqo
697 1988 829 2025 majoris
896 1988 1137 2019 Pammachium
1152 2001 1162 2020 .·
1186 2000 1305 2029 semper
1325 1991 1466 2029 qrandia
1485 1991 1518 2020 in
1541 2001 1600 2020 au-

128 2042 173 2068 est
186 2039 288 2068 meriti
306 2039 377 2067 dum
391 2038 426 2067 id
438 2038 608 2075 contemnit,
629 2038 713 2076 quod
733 2039 761 2067 si
771 2038 826 2076 fe-
897 2038 1032 2067 dentium
1059 2044 1222 2078 ponuntur
1255 2041 1402 2070 arbitrio.
1442 2041 1518 2071 Non
1544 2041 1602 2070 tibi

129 2088 216 2124 cerit,
234 2098 294 2117 non
313 2088 474 2127 delinquit.
516 2088 676 2117 Adversus
702 2088 828 2117 Jovim‘·
895 2088 1238 2127 imponiturnecessitas
1247 2094 1279 2119 ut
1288 2091 1431 2119 voluntas
1434 2092 1601 2129 proemium

129 2147 222 2167 anum
237 2138 325 2177 (Lib.
335 2147 357 2168 1.
373 2147 446 2177 pag.
458 2138 496 2167 25
508 2136 559 2175 B.)
573 2137 642 2166 ideo
650 2138 727 2175 plus
741 2141 828 2167 amat
896 2142 1112 2177 consequatur.
1143 2140 1267 2178 (Epist.
1284 2149 1358 2179 pag.
1370 2140 1438 2171 164.
1454 2141 1546 2170 Tom.
1558 2141 1600 2179 1.)

127 2309 224 2334 were
247 2302 314 2334 not
340 2299 450 2345 given
474 2300 525 2347 by
552 2301 786 2343 restoration,
812 2302 1002 2348 declaring
1032 2316 1108 2339 war
1135 2305 1186 2352 by
1210 2306 1394 2352 throwing
1425 2318 1448 2341 a
1476 2317 1594 2352 spear.

126 2357 279 2402 Rapere,
297 2360 336 2391 to
357 2369 502 2403 ravage,
521 2359 594 2392 and
611 2359 824 2404 satisfacere,
840 2364 879 2394 to
900 2364 1052 2402 restore,
1068 2373 1164 2397 were
1181 2363 1299 2398 words
1321 2364 1363 2398 of
1376 2375 1398 2398 a
1415 2364 1600 2398 technical

126 2413 524 2458 comprehensiveness.
584 2416 668 2449 And
690 2416 775 2451 thus
792 2428 846 2451 we
862 2417 966 2452 learn
987 2418 1069 2453 that
1092 2430 1114 2453 a
1139 2431 1214 2454 war
1233 2420 1406 2455 declared
1431 2421 1599 2455 between

126 2475 199 2505 two
212 2471 371 2512 nations,
383 2482 426 2505 or
442 2471 540 2506 their
554 2471 680 2513 heads,
696 2472 762 2507 has
778 2475 919 2508 certain
934 2475 1099 2520 peculiar
1115 2477 1187 2510 and
1206 2478 1445 2523 appropriate
1463 2477 1600 2518 effects,

127 2526 246 2561 which
265 2527 311 2561 do
328 2531 395 2561 not
411 2528 536 2562 follow
552 2528 651 2563 from
667 2529 731 2564 the
748 2534 880 2566 nature
898 2532 941 2566 of
954 2543 1028 2566 war
1044 2533 1163 2568 itself:
1183 2534 1257 2568 and
1275 2534 1348 2568 this
1365 2544 1492 2579 agrees
1510 2534 1598 2568 with

127 2583 227 2618 what
247 2595 300 2619 we
317 2583 410 2618 have
427 2585 578 2630 already
598 2586 767 2621 adduced
788 2588 886 2622 from
902 2588 967 2624 the
987 2590 1135 2624 Roman
1155 2591 1319 2636 lawyers.

204 2640 256 2675 II.
306 2645 324 2675 1
359 2642 434 2675 But
450 2641 570 2687 Virgil
586 2643 665 2676 said
682 2644 802 2686 licebit,
823 2645 852 2679 it
870 2646 943 2679 will
959 2646 1006 2680 be
1025 2647 1168 2687 lawful;
1189 2647 1240 2681 let
1261 2658 1303 2681 us
1321 2657 1382 2681 see
1400 2646 1498 2681 what
1515 2646 1598 2682 that

127 2698 284 2744 implies.
346 2698 421 2732 For
445 2699 656 2734 sometimes
679 2701 754 2734 that
778 2701 807 2735 is
829 2702 907 2736 said
925 2706 963 2736 to
980 2703 1028 2737 be
1050 2703 1175 2736 lawful
1200 2703 1319 2737 which
1339 2704 1369 2737 is
1391 2714 1502 2749 every
1517 2715 1598 2750 way

127 2754 229 2800 right
252 2754 325 2789 and
346 2755 476 2801 pious;
498 2755 641 2801 though
663 2757 873 2803 something
893 2759 968 2793 else
985 2759 1104 2804 might
1124 2760 1171 2793 be
1194 2759 1290 2794 done
1307 2759 1424 2794 which
1442 2761 1472 2795 is
1493 2772 1597 2796 more

127 2811 300 2846 laudable
312 2825 321 2853 3
342 2823 381 2847 as
401 2813 444 2847 St
470 2813 562 2847 Paul
579 2824 672 2859 says,
693 2814 745 2847 all
765 2815 879 2860 thinqs
896 2814 957 2857 (of
970 2826 992 2849 a
1012 2817 1153 2850 certain
1173 2815 1282 2859 kind)
1304 2829 1366 2851 are
1384 2817 1512 2863 laugful
1525 2820 1596 2864 for

127 2880 191 2910 me,
213 2870 273 2903 but
290 2869 342 2903 all
362 2870 476 2916 thinys
496 2882 558 2905 are
574 2876 635 2905 not
659 2871 846 2916 expedient.
911 2871 1013 2907 Thus
1033 2873 1063 2907 it
1083 2873 1113 2907 is
1137 2873 1262 2908 lawful
1287 2878 1326 2909 to
1347 2886 1481 2921 marry,
1503 2886 1595 2910 even

127 2925 237 2960 when
259 2926 424 2973 celibacy
442 2927 471 2961 is
492 2927 638 2969 better;
663 2928 692 2962 it
713 2929 742 2962 is
763 2928 888 2962 lawful
914 2932 952 2963 to
975 2941 1098 2976 marry
1119 2941 1140 2964 a
1165 2931 1302 2965 second
1323 2932 1424 2972 time,
1451 2932 1594 2978 though

1619 1393 1630 1417 1
1646 1394 1705 1419 Cor.
1720 1393 1754 1418 vi.
1771 1394 1807 1418 12.

1618 1727 1658 1751 De
1669 1728 1763 1752 Adam.

1617 1758 1683 1787 conj,
1697 1758 1713 1782 i.
1730 1759 1764 1782 15.
1778 1760 1802 1783 et

1616 1794 1684 1819 seqq.
