1971 3326
181 548 211 583 Ι.

175 721 227 756 II.

161 778 233 814 111.

160 892 227 927 IV.

161 1179 229 1214 VI.

158 1237 247 1272 VII.

151 1351 260 1387 VIII.

167 1467 239 1502 IX.

171 1810 243 1845 XI.

164 2038 255 2075 XII.

147 2153 256 2189 XIII.

159 2268 266 2304 XIV.

164 2439 252 2474 XV.

116 2526 150 2569 Ι.
186 2527 211 2567 1
255 2526 312 2627 S

664 273 855 317 CAPUT
890 274 1010 317 XXI.

153 389 222 424 DE
254 389 374 424 FIDE
406 388 658 423 MANENTE
690 390 870 432 BELLO,
900 389 991 425 UBI
1019 388 1089 423 DE
1121 388 1368 431 INDUGIIS,
1400 389 1525 425 COM-

359 445 553 488 MEATU,
585 446 926 483 CAPTIVORUM
956 446 1313 482 REDEMTIONE.

299 547 463 582 Inducioe
489 547 577 593 quid
596 548 677 588 sint,
703 553 735 582 et
755 560 805 582 an

302 605 342 639 id
357 611 492 651 tempus
507 605 624 640 veniat
635 605 739 651 pacis
756 617 806 639 an

305 663 385 697 belli
401 662 552 697 nomine.

309 719 412 754 Vocis
429 720 540 764 oriyo.

301 777 407 811 Nova
432 776 621 811 indictione
644 782 725 822 post
749 777 806 810 in-

300 834 426 868 ducias
444 845 516 868 non
536 845 635 879 opus.

299 891 807 937 Quomodocomputandasint

303 955 464 995 tempora
499 949 653 984 induciis
680 949 807 996 prcefi-

304 1006 394 1041 nita.

301 1064 456 1107 Quando
491 1063 648 1109 obliyare
675 1063 807 1109 incipi-

303 1127 380 1156 ant.

303 1179 402 1222 Quid
412 1190 480 1224 per
496 1179 660 1214 inducias
677 1178 789 1212 liceat.

301 1237 364 1271 An
383 1237 594 1271 retrocedere
619 1241 650 1271 et
670 1237 808 1284 reficere

304 1294 447 1335 nzoenia,
468 1300 499 1329 et
519 1293 653 1328 similia
665 1305 676 1326 :

307 1352 365 1386 De
392 1352 474 1386 locis
501 1350 716 1397 occupandis
736 1350 808 1384 dis-

307 1409 440 1444 tinctio.

303 1465 367 1501 An
393 1467 508 1501 redire
530 1467 653 1512 possit,
686 1466 748 1511 qui
775 1466 810 1499 vi

306 1524 442 1570 majore
463 1529 615 1558 retentus
634 1529 692 1564 est,
713 1523 810 1558 circa

306 1582 438 1617 emitum
455 1581 698 1615 induciarum.

307 1639 365 1674 De
403 1639 611 1684 specialibus
647 1638 810 1673 inducia-

309 1708 393 1730 rum
415 1696 653 1741 pactionibus,
676 1702 707 1730 et
732 1707 811 1741 quoe

311 1753 393 1787 inde
409 1753 525 1798 quaeri
540 1753 659 1787 solent.

309 1810 551 1844 Incluciarum
588 1809 813 1855 pactionibus

311 1869 355 1902 ab
395 1868 511 1902 altera
540 1873 648 1911 parte
683 1867 812 1911 ruptis,

310 1925 462 1959 alteram
509 1925 637 1959 bellum
677 1935 813 1958 movere

305 1993 415 2027 posse.

313 2039 411 2081 Quid
424 2038 455 2073 si
465 2049 576 2084 poena
592 2037 718 2072 addita
724 2039 810 2086 sue-

312 2097 362 2130 rit
374 2096 391 2129 2

305 2153 657 2197 Privatoruinfacta
670 2152 813 2197 quando

313 2211 476 2246 inducias
496 2215 681 2255 rumpant.

314 2269 362 2302 In
370 2269 455 2315 jure
475 2266 694 2302 commeandi
714 2271 816 2299 extra

314 2326 478 2360 inducias
503 2324 620 2370 qualis
645 2323 817 2358 sumenda

313 2382 569 2428 interpretatio.

314 2439 387 2482 Qui
412 2440 568 2474 militum
593 2437 734 2472 nomine
762 2447 818 2470 ve-

917 605 1023 640 XVI.

911 719 1037 754 XVII.

900 833 1048 869 XVIII.

921 891 1032 926 XIX.

927 1005 1018 1041 XX.

1074 547 1190 582 niant.

1073 605 1145 646 Ire,
1181 605 1308 647 venire,
1345 606 1453 647 abire,
1491 618 1577 652 quo-

1077 663 1180 696 modo
1198 662 1251 697 hic
1269 662 1475 708 accipienda
1489 676 1500 697 .·

1077 720 1136 754 De
1160 719 1352 754 eoetensione
1382 721 1432 754 ad
1457 732 1578 766 perso-

1077 787 1168 810 nas:

1078 833 1140 867 Ad
1160 835 1262 868 bona.

1082 890 1227 925 Comitis
1248 896 1278 925 et
1302 891 1414 937 yentis
1440 892 1580 927 nomine

1076 948 1137 994 qui
1153 948 1297 983 veniant
1311 961 1321 982 .-

1072 1005 1135 1039 An
1165 1006 1333 1040 concessio
1363 1006 1461 1053 juris
1486 1018 1579 1042 com-

1074 1063 1218 1098 meandi
1249 1069 1360 1098 morte
1395 1064 1580 1110 emtingyua-

1031 1125 1037 1130 '
1076 1126 1137 1155 tur
1148 1133 1159 1153 .-

918 1177 1026 1212 XXI.

908 1292 1039 1327 XXII.

899 1407 1048 1442 XXIII.

901 1522 1047 1557 XXIV.

908 1694 1035 1730 XXV.

894 1808 1040 1844 XXVI.

894 1923 1060 1958 XXVII.

906 2209 1055 2244 XXIX.

920 2323 1051 2358 XXX.

1081 1178 1180 1220 Quid
1209 1177 1240 1212 si
1272 1178 1361 1212 data
1388 1179 1444 1220 sit,
1476 1179 1581 1214 donec

1075 1235 1137 1281 qui
1157 1235 1251 1270 dedit
1271 1235 1450 1270 voluerit?

1075 1291 1139 1326 An
1188 1293 1358 1327 securitas
1403 1299 1435 1327 et
1479 1300 1581 1329 extra

1078 1349 1300 1384 territorium
1318 1350 1496 1386 debeatur.

1077 1408 1200 1441 Favor
1223 1408 1446 1443 redemtionis
1467 1410 1580 1455 capti-

1078 1476 1206 1499 vorum
1219 1477 1230 1498 :

1079 1521 1142 1556 An
1168 1522 1236 1567 leye
1260 1522 1424 1557 interdici
1448 1523 1582 1558 redem-

1079 1580 1126 1614 tio
1142 1579 1265 1624 possit,
1289 1580 1510 1615 distinctione
1526 1592 1583 1615 ex-

1075 1637 1250 1683 plicatur.

1081 1695 1149 1728 Jus
1196 1695 1236 1729 in
1285 1695 1466 1740 captivum
1510 1695 1585 1730 cedi

1077 1763 1199 1798 posse:

1077 1809 1186 1843 Posse
1232 1809 1276 1843 ab
1315 1821 1386 1844 uno
1423 1810 1583 1855 pretium

1077 1866 1246 1912 pluribus
1266 1867 1402 1902 deberi:

1084 1923 1270 1958 Conventio
1283 1936 1332 1958 an
1343 1936 1414 1959 resc
1420 1925 1496 1958 indi
1501 1937 1586 1970 pos-

1082 1980 1137 2021 sit,
1163 1982 1203 2015 ob
1221 1981 1365 2016 divitias
1382 1982 1515 2028 captivi
1532 1983 1586 2028 {9-

1081 2044 1240 2072 noratas.

880 2095 1068 2130 XXVIII.
1087 2096 1176 2138 Quoe
1210 2097 1302 2130 bona
1338 2096 1435 2142 capti
1465 2102 1586 2143 capto-

1082 2164 1157 2187 rem
1176 2159 1382 2198 sequantur.

1083 2209 1144 2244 An
1166 2211 1260 2244 heres
1280 2211 1437 2255 pretium
1459 2211 1588 2252 debeat,

1087 2267 1307 2302 distinctione
1327 2268 1539 2314 explicatur.

1088 2323 1152 2358 An
1168 2325 1283 2359 redire
1309 2325 1427 2359 debeat
1451 2326 1513 2370 qui
1535 2326 1588 2359 di-

1087 2382 1214 2415 missus
1231 2387 1289 2421 est,
1311 2388 1350 2415 ut
1372 2382 1525 2417 alterum
1547 2383 1588 2416 li-

1090 2439 1191 2479 beret,
1212 2449 1248 2473 eo
1269 2444 1421 2473 mortuo.

321 2526 515 2568 OLENT
546 2530 589 2567 et
617 2525 726 2567 inter
757 2524 909 2566 bellum
938 2539 963 2567 a
991 2525 1159 2566 summis
1189 2526 1464 2582 potestatibus
1495 2541 1589 2569 con-

349 2592 439 2633 cedi
462 2591 664 2647 quaedam,
690 2595 737 2632 ut
761 2605 853 2632 cum
876 2590 1054 2648 Virgilio
1078 2597 1121 2634 et
1146 2592 1289 2634 Tacito
1313 2593 1471 2648 loquar,
1492 2593 1589 2635 belli

115 2656 369 2708 commercia,
405 2658 590 2699 Homero
626 2656 925 2708 συνημοσύναι,
962 2656 1099 2712 qualia
1133 2663 1229 2700 sunt
1256 2658 1445 2709 induciae,
1480 2673 1587 2701 com-

143 2811 324 2846 CHAPTER
349 2810 461 2847 XXI.
511 2810 568 2858 Of
582 2809 690 2844 Faitli
713 2810 815 2844 while
838 2821 919 2844 war
942 2811 1142 2850 continues;
1175 2811 1223 2856 os
1249 2812 1383 2850 Truce;
1415 2813 1462 2860 of
1474 2810 1562 2860 Saje

187 2948 217 2983 I.

623 2867 783 2912 Passaye
793 2879 806 2905 ;
838 2867 883 2914 os
905 2866 1080 2902 Ransom.

282 2951 300 2982 1
332 2947 437 2983 Even
454 2945 589 2992 during
606 2957 690 2988 war,
708 2946 771 2981 the
789 2956 963 2993 supreme
984 2946 1204 2982 authorities
1226 2958 1290 2983 are
1306 2952 1405 2984 wont
1422 2952 1461 2985 to
1482 2954 1592 2995 grant

1609 2618 1670 2642 AEn.
1685 2624 1710 2642 x.
1725 2619 1778 2642 53-2.

1608 2650 1680 2672 Ann.
1693 2649 1747 2672 xiv.
1761 2650 1799 2672 33.

1608 2683 1634 2703 et
1645 2679 1716 2703 Hist.
1728 2679 1764 2703 iii⁷
1772 2680 1810 2703 81.

1608 2709 1692 2733 Iliad.
1705 2710 1772 2734 xxii.

1607 2747 1632 2765 v.
1646 2740 1698 2765 261.
