1971 3326
724 194 787 229 AC
819 193 1120 229 VERBORUM.

82 308 260 340 Consiliarii
289 311 416 351 Regum
446 312 606 351 quomodo
635 312 821 350 obligentur
848 320 887 341 ex

120 359 204 388 bello
219 360 348 399 injusto.
371 363 415 391 iii.
431 364 478 399 10,
493 364 512 392 4

82 407 216 438 Consita
229 420 269 439 an
284 412 352 440 solo
367 413 493 442 cedant.
515 413 546 441 ii.
563 414 592 450 8,
609 414 647 442 22

83 456 280 489 Constantiae
295 461 437 490 debitum
453 462 557 500 quale.
580 463 612 492 ii.
630 463 681 498 11,
697 463 717 490 3

83 506 433 549 constantinopolitani
448 512 570 541 nullum
580 513 634 550 jus
649 512 688 540 ad
704 510 886 549 eligendum

121 559 351 597 Imperatorem
368 562 559 598 habuerunt,
575 563 661 601 quod
683 571 746 590 non
766 561 886 599 depen-

122 608 212 638 deret
226 619 245 638 a
259 611 380 649 populo
396 612 552 642 Romano.
577 613 607 642 ii.
624 613 652 648 9,
668 614 716 647 11,
731 613 749 639 2

83 657 290 688 Constituens
306 669 369 689 non
392 670 517 700 semper
541 661 686 699 superior
700 660 886 690 constituto.

120 706 141 736 i.
158 709 189 744 3,
206 709 236 744 8,
254 711 292 738 13

82 754 290 787 Consuetudo
305 759 464 797 quomodo
478 759 709 789 introducatur.
731 759 763 787 ii.
775 760 805 795 4,
816 758 844 795 5,
857 761 886 788 2.

122 806 184 835 Pro
213 817 368 837 consensu
396 808 508 846 populi
541 809 574 837 in
605 808 679 846 jure
708 809 884 837 conceden-

121 856 229 886 darum
241 857 510 895 jurisdictionum.
531 859 560 888 ii.
579 858 607 894 6,
623 860 660 887 10

82 903 289 934 Consuetudo
313 906 426 934 horum
450 909 631 944 temporum
655 906 694 935 de
717 905 886 934 mobilibus

120 954 204 983 bello
220 955 330 993 captis.
364 956 407 985 iii.
420 956 449 992 9,
465 958 511 986 15.
553 956 603 985 De
626 955 815 994 recipiendis
830 956 884 984 de-

120 1004 204 1034 ditis.
226 1005 269 1034 iii.
286 1007 335 1043 11,
352 1007 400 1042 14,
416 1008 434 1034 2

82 1053 282 1083 Consumens
295 1064 440 1084 nummos
451 1055 585 1084 furtivos
600 1056 640 1084 ad
651 1054 885 1084 restitutionem

121 1106 260 1133 tenetur.
284 1105 315 1133 ii.
336 1106 384 1139 10,
401 1107 430 1140 2,
445 1107 463 1133 2

82 1152 253 1182 Consortia
268 1153 436 1192 impiorum
452 1154 562 1191 vitare,
578 1154 703 1192 sapiens
719 1155 886 1184 monitum.

119 1202 150 1231 ii.
170 1203 217 1239 15,
231 1203 261 1240 9,
278 1205 316 1232 10

82 1251 345 1282 Contrahendum
363 1252 435 1291 (ad)
452 1262 545 1282 nemo
560 1256 648 1283 metu
664 1254 886 1292 impellendus,

120 1303 152 1332 ii.
169 1304 216 1339 12,
232 1305 270 1333 10

82 1353 276 1383 Contractus
292 1354 379 1392 quid.
402 1354 435 1384 ii.
451 1356 498 1391 12,
513 1355 540 1384 7.
584 1354 815 1384 Contractuum
838 1354 886 1382 di-

119 1403 208 1433 visio.
239 1404 271 1433 ii.
290 1406 336 1440 12,
360 1405 390 1439 2,
409 1406 436 1434 3.
481 1405 674 1434 Contractus
698 1404 888 1433 innominati

121 1453 185 1491 qui,
202 1456 234 1482 et
249 1454 333 1482 unde
349 1454 435 1482 dicti.
458 1454 488 1483 ii.
506 1456 553 1490 12,
568 1455 596 1490 3,
611 1456 630 1483 3

83 1502 261 1532 Contractu
276 1503 386 1541 populi
409 1503 494 1532 facto
510 1513 580 1532 eum
606 1503 686 1532 liber
703 1505 795 1539 esset,
816 1502 887 1531 Rex

121 1555 234 1590 postea
248 1553 352 1581 factus
368 1555 507 1582 tenetur.
530 1553 563 1581 ii.
580 1554 627 1589 14,
644 1554 691 1588 12,
707 1554 725 1581 2

84 1601 277 1631 Contractus
304 1596 439 1640 vergens
463 1603 503 1631 ad
527 1602 699 1640 perniciem
727 1601 887 1640 publicam

121 1660 161 1679 an
176 1651 307 1689 obliget.
329 1651 360 1680 ii.
379 1654 426 1688 14,
443 1654 490 1688 12,
505 1654 523 1680 4

84 1699 278 1730 Contractus
312 1702 440 1739 Regum
468 1711 574 1730 secum
602 1702 742 1729 ferentes
768 1701 888 1730 aliena-

123 1750 244 1779 tionem
260 1750 402 1788 pecuniae
417 1750 536 1788 populi,
552 1750 654 1788 regni,
671 1750 771 1787 partis
786 1749 888 1787 regni,

123 1801 307 1839 patrimonii
321 1801 438 1839 regalis
460 1810 500 1829 an
524 1801 659 1829 valeant.
684 1800 714 1829 ii.
733 1802 780 1836 14,
796 1802 842 1836 12,
858 1801 887 1829 5.

125 1850 318 1880 Contractus
339 1850 423 1888 regis
447 1859 486 1878 an
511 1850 668 1878 actionem
684 1850 820 1887 pariant.
853 1849 887 1878 ii.

123 1901 172 1934 14,
189 1900 217 1936 6,
233 1901 270 1935 23
292 1898 319 1928 δι
337 1899 377 1937 ἓξ
393 1901 422 1935 4,
436 1900 464 1935 5,
479 1899 508 1929 9.
533 1898 673 1927 Subditis
684 1898 737 1936 jus
753 1897 887 1935 cogendi

123 1958 186 1978 non
206 1950 292 1978 dant.
317 1949 347 1978 ii.
365 1950 411 1984 14,
427 1948 454 1984 6,
469 1950 487 1976 2
502 1947 529 1977 &
545 1950 573 1983 2,
589 1949 619 1978 2.
661 1948 715 1977 An
737 1947 825 1985 leges
839 1946 887 1974 di·

125 1998 227 2027 cendi.
250 1997 280 2027 ii.
298 1998 344 2033 14,
359 1997 388 2033 9,
404 1999 420 2025 1

86 2047 279 2078 Contractus
293 2050 324 2076 et
339 2047 427 2084 leges
442 2046 565 2075 misceri
581 2048 722 2084 possunt.
745 2045 823 2075 ibid.

185 2117 263 2122 -
296 2098 457 2135 perfectus
485 2097 552 2125 sine
580 2097 747 2135 scriptura.
781 2096 811 2125 ii.
837 2095 886 2133 16,

124 2149 164 2178 30

297 2205 410 2234 regum
425 2198 457 2224 et
472 2195 662 2234 populorum
675 2204 715 2223 an
730 2194 888 2232 interpre-

123 2247 213 2276 tandi
228 2246 348 2284 exjure
364 2246 519 2275 Romano.
539 2245 573 2274 ii.
590 2245 638 2279 16,
652 2246 690 2273 31

87 2297 276 2326 Contractui
290 2294 466 2324 extrinseca
480 2304 543 2324 non
558 2298 632 2324 sunt
646 2292 823 2322 indicanda.
854 2292 887 2322 ii.

126 2348 175 2382 12,
187 2347 216 2382 9,
232 2348 250 2375 2

88 2396 314 2426 Contractibus
337 2394 401 2434 (in)
427 2396 537 2425 vitium
559 2395 605 2424 rei
631 2392 834 2423 indicandum
855 2395 888 2421 et

127 2454 236 2482 quare.
257 2445 288 2472 ii.
306 2446 352 2480 12,
368 2445 396 2480 9,
413 2446 449 2473 12

269 2513 305 2518 —
326 2493 398 2532 (de)
419 2494 506 2531 leges
527 2494 744 2522 Romanorum
765 2494 797 2521 et
825 2491 888 2522 He-

127 2545 294 2573 braeorum.
317 2543 349 2571 ii.
366 2545 413 2578 12,
429 2545 477 2578 13,
493 2544 511 2570 2

324 2593 504 2621 invasorum
525 2592 589 2620 sive
611 2594 816 2630 tyrannorum
831 2600 890 2629 po-

127 2644 193 2681 puli
210 2652 272 2671 non
288 2645 448 2671 tenentur.
469 2641 500 2670 ii.
516 2642 563 2676 14,
580 2642 617 2669 14

91 2693 321 2723 Contractuum
334 2695 447 2721 natura
461 2692 608 2729 repudiat
622 2691 787 2728 ambiguas
801 2690 891 2719 locu-

130 2743 242 2771 tiones.
265 2742 306 2770 iii.
322 2743 349 2777 1,
366 2742 412 2776 10,
427 2742 447 2769 3

92 2790 295 2821 Contumelia
310 2799 374 2828 quo
386 2799 479 2819 sensu
488 2789 527 2817 ab
539 2788 653 2827 injuria
664 2788 890 2826 distinguatur.

131 2841 152 2870 i.
168 2842 198 2878 2,
213 2841 244 2875 8,
259 2841 276 2869 7

94 2889 272 2919 Conventio
295 2889 334 2918 de
356 2888 552 2917 redemtione
575 2896 614 2916 an
636 2886 770 2916 rescindi
786 2889 893 2925 posset

133 2941 173 2969 ob
188 2939 359 2968 laesionem.
380 2938 425 2966 iii.
443 2940 490 2974 21,
506 2940 542 2968 27

230 3025 388 3082 [onor.
407 3024 491 3081 un]

1683 186 1767 229 417

955 310 1212 342 conventionum
1228 310 1338 339 divisio
1354 310 1385 338 in
1405 310 1548 348 publicas
1563 310 1595 338 et
1610 308 1764 347 privatas.

993 361 1025 390 ii.
1042 362 1089 397 15,
1105 361 1119 389 1
1133 370 1140 397 ;
1162 360 1205 389 iii.
1222 361 1271 398 20,
1288 362 1316 389 1.
1359 360 1564 389 Publicarum
1580 359 1702 388 divisio.
1727 359 1760 389 ii.

994 411 1040 447 15,
1056 412 1075 439 2

955 459 1200 490 Conventiones.
1241 459 1318 490 Vide
1334 459 1527 489 Contractus
1542 462 1574 488 et
1588 459 1732 488 Foedera.

955 509 1127 539 Convictus
1142 509 1337 547 cumimpiis
1361 512 1395 538 et
1417 509 1656 538 contumacibus
1680 517 1759 545 qua-

992 562 1086 588 tenus
1101 559 1142 587 sit
1156 559 1294 595 illicitus,
1310 559 1412 597 qualis
1427 558 1644 596 prohibeatur.
1666 557 1697 586 ii.
1715 558 1761 593 15,

992 608 1023 645 9,
1039 610 1088 643 10,
1106 609 1136 638 δι
1159 610 1208 645 10,
1224 610 1243 637 3

955 656 1122 686 Cornelius
1142 658 1259 687 mansit
1279 657 1433 687 Centurio
1456 659 1530 695 post
1552 656 1757 695 baptismum.

994 706 1014 734 i.
1032 708 1060 743 2,
1078 708 1107 743 7,
1123 708 1142 737 9

956 754 1107 784 Cornelia
1122 756 1173 784 lex
1188 765 1247 794 pro
1267 756 1436 785 heredibus
1451 765 1572 792 eorum,
1593 755 1648 793 qui
1670 757 1760 793 post-

993 805 1114 833 liminio
1129 806 1303 835 redierunt.
1325 806 1368 834 iii.
1383 806 1411 841 9,
1428 807 1477 842 10,
1492 807 1511 834 4

956 854 1081 892 Corpus
1104 856 1144 884 ad
1163 856 1348 885 servitutem
1363 856 1498 894 obligari
1514 857 1630 893 potest.
1662 854 1693 884 ii.
1711 855 1760 891 15,

995 906 1042 942 16,
1053 908 1073 935 4

1092 956 1237 986 naturale
1252 956 1334 985 idem
1351 955 1503 995 quamdiu
1517 956 1651 986 dicatur.
1683 956 1714 984 ii.
1732 955 1761 991 9,

992 1007 1021 1042 3,
1037 1007 1053 1034 1

1093 1065 1131 1085 ex
1146 1057 1231 1085 terra
1250 1059 1356 1085 ortum
1379 1058 1473 1085 terrae
1495 1055 1639 1085 debetur.
1662 1055 1694 1083 ii.
1713 1054 1761 1090 19,

994 1108 1056 1125 0³)

994 1125 1023 1143 s,
1039 1124 1055 1134 a

1035 1175 1074 1180 -
1094 1156 1268 1184 humanum
1303 1154 1412 1184 bestiis
1439 1154 1507 1182 dari
1535 1154 1760 1183 miserandum.

994 1205 1025 1234 ii.
1042 1206 1089 1241 19,
1103 1207 1133 1241 2,
1148 1206 1167 1233 4

957 1252 1101 1290 Corpora
1115 1252 1279 1281 hominum
1295 1252 1413 1280 debent
1434 1250 1562 1279 dissolvi
1579 1252 1670 1279 extra
1684 1258 1760 1278 con-

995 1306 1150 1340 spectum.
1173 1303 1204 1331 ii.
1221 1302 1269 1338 19,
1283 1304 1311 1338 2,
1325 1302 1346 1331 5

957 1353 1160 1392 Corcyrensis
1174 1352 1388 1382 controversia
1402 1352 1485 1380 inter
1501 1351 1714 1381 Athenienses
1729 1352 1762 1379 et

996 1403 1192 1432 Corinthios.
1212 1402 1244 1431 ii.
1265 1402 1312 1438 16,
1329 1403 1377 1437 13,
1392 1403 1411 1430 3

956 1453 1105 1483 Corraria
1119 1453 1207 1490 quid.
1229 1452 1271 1481 iii.
1287 1452 1316 1488 6,
1331 1454 1380 1487 12,
1396 1453 1415 1479 2

957 1502 1099 1531 Credens
1122 1501 1288 1539 pecuniam
1310 1501 1394 1538 patri
1420 1500 1460 1529 ad
1486 1499 1636 1528 alendum
1660 1498 1760 1528 filium

995 1552 1151 1580 actionem
1167 1551 1264 1579 habet
1278 1550 1310 1578 in
1325 1550 1438 1579 filium.
1459 1550 1488 1578 ii.
1506 1551 1554 1585 10,
1571 1551 1599 1584 2,
1615 1551 1634 1578 3

957 1601 1106 1630 Creditor
1120 1603 1249 1629 tenetur
1263 1600 1302 1628 de
1317 1599 1475 1637 perceptis
1490 1599 1646 1627 fructibus
1665 1606 1762 1636 supra

996 1660 1134 1680 usuram.
1157 1651 1187 1679 ii.
1206 1652 1253 1686 10,
1267 1652 1286 1678 4

957 1701 1063 1739 Culpa
1080 1701 1146 1730 sine
1163 1701 1237 1729 dolo
1251 1699 1365 1728 sufficit
1386 1699 1426 1727 ad
1447 1697 1658 1727 restitutionis
1680 1697 1761 1726 obli-

994 1751 1169 1789 gationem.
1190 1750 1233 1779 iii.
1250 1751 1299 1783 10,
1315 1750 1343 1785 5,
1360 1750 1378 1777 2

955 1818 1072 1825 -—--—
1088 1800 1193 1828 media
1213 1799 1297 1827 inter
1315 1797 1461 1836 injuriam
1485 1800 1517 1826 et
1538 1796 1762 1825 infortunium.

994 1850 1037 1878 iii.
1056 1851 1103 1885 11,
1118 1850 1148 1886 4,
1165 1851 1181 1877 1

956 1899 1131 1928 Curatores
1156 1897 1248 1935 regni
1274 1905 1431 1925 summum
1457 1895 1625 1933 imperium
1645 1895 1762 1924 habere

996 1953 1140 1987 possunt.
1156 1948 1174 1978 i.
1189 1950 1216 1984 3,
1233 1949 1280 1983 11,
1295 1949 1314 1976 2

957 1999 1052 2028 Curae
1067 1998 1188 2027 clericis
1203 1997 1392 2026 in-terdictae.
1414 1997 1433 2025 i.
1449 1998 1478 2032 2,
1494 1998 1542 2031 lo,
1557 1997 1595 2024 10

959 2048 1034 2088 Cyri
1048 2051 1080 2077 et
1096 2048 1217 2077 Arsicae
1232 2047 1464 2076 controversiae.
1487 2046 1519 2075 ii.
1536 2047 1564 2081 7,
1579 2046 1618 2074 *28

1338 2167 1381 2197 D.

955 2239 1117 2270 Damnum
1142 2240 1230 2278 quid,
1254 2242 1287 2269 et
1312 2239 1397 2268 unde
1422 2238 1553 2267 dictum.
1573 2237 1607 2266 ii.
1623 2236 1670 2272 17,
1685 2238 1715 2272 2,
1732 2238 1762 2266 1.

997 2290 1121 2319 Contra
1136 2290 1288 2318 honorem
1300 2291 1332 2317 et
1342 2289 1459 2317 famam
1474 2288 1596 2315 datum.
1608 2285 1640 2316 ii.
1654 2287 1701 2320 17,
1713 2286 1762 2313 22.

995 2339 1155 2367 Faciendo
1170 2337 1329 2375 quomodo
1344 2337 1445 2365 detur.
1467 2335 1500 2363 ii.
1518 2336 1566 2370 17,
1580 2334 1608 2369 6,
1624 2334 1652 2363 7.
1688 2333 1762 2362 Non

995 2388 1141 2417 faciendo
1156 2387 1316 2425 quomodo
1331 2386 1434 2414 detur.
1458 2384 1490 2412 ii.
1504 2382 1622 2419 17,8,9.
1643 2382 1763 2410 Damni

996 2438 1116 2467 directe
1131 2437 1206 2472 dati,
1219 2439 1251 2464 et
1265 2435 1297 2463 in
1312 2434 1570 2471 consequentiam
1587 2431 1759 2460 distinctio.

996 2487 1029 2516 ii.
1044 2488 1094 2521 21,
1110 2487 1158 2521 10,
1174 2488 1203 2515 1.
1247 2484 1352 2513 Causa
1364 2483 1418 2520 qui
1431 2482 1587 2510 dicantur.
1608 2481 1640 2509 ii.
1652 2481 1701 2517 17,
1715 2482 1764 2510 10.

997 2536 1076 2565 Dati
1102 2534 1330 2572 consequentia
1352 2542 1423 2570 quae
1445 2534 1644 2560 censeantur.
1665 2531 1697 2560 ii.
1715 2531 1762 2565 17,

998 2588 1047 2615 11.
1088 2586 1216 2614 Damna
1229 2585 1260 2612 in
1277 2583 1372 2612 dubio
1389 2591 1465 2620 pace
1485 2581 1616 2610 remissa
1630 2589 1763 2609 censen-

998 2639 1062 2665 tur.
1084 2636 1128 2665 iii.
1143 2637 1192 2671 20,
1209 2634 1257 2663 15.
1283 2633 1443 2661 Damnum
1457 2631 1565 2659 datum
1582 2630 1622 2658 ob
1637 2638 1763 2658 causam

998 2688 1125 2722 turpem
1140 2683 1270 2712 retineri
1285 2684 1403 2720 potest.
1438 2680 1469 2708 ii.
1488 2681 1536 2715 10,
1552 2681 1601 2708 12.
1641 2679 1763 2707 Datum

1000 2735 1040 2762 ob
1055 2743 1120 2762 rem
1137 2733 1312 2766 honestam,
1334 2730 1389 2759 sed
1410 2728 1529 2767 alioqui
1550 2727 1701 2763 debitam,
1723 2735 1765 2755 an

1000 2783 1130 2812 retineri
1149 2781 1261 2820 possit.
1283 2780 1359 2809 ibid.

961 2832 1064 2861 David
1085 2830 1244 2869 quomodo
1267 2832 1299 2859 et
1320 2830 1476 2866 quatenus
1492 2827 1580 2856 Sauli
1593 2827 1721 2857 restitit.
1743 2827 1767 2858 i.

1002 2884 1031 2918 4,
1046 2883 1074 2918 7,
1088 2883 1120 2919 4,
1136 2881 1156 2911 6

1102 2941 1152 2961 res
1166 2930 1302 2969 acquirit
1310 2929 1383 2968 jure
1398 2929 1483 2965 belli,
1505 2928 1546 2957 iii.
1564 2928 1594 2962 6,
1610 2928 1638 2964 7,
1653 2929 1670 2956 1

1573 2982 1629 3026 27
