1971 3326
715 187 778 224 Ao
810 188 1108 226 VERBORUM.

74 300 160 331 Jehu
176 301 295 332 factum
313 303 417 342 quale.
438 304 459 334 i.
475 304 503 341 4,
518 304 569 342 19,
582 305 602 333 4

71 351 222 389 Jephthis
237 353 449 382 controversia
468 363 539 383 cum
562 353 765 383 Ammonitis.
797 353 828 383 ii.
843 354 872 390 4,

113 402 141 437 2,
159 403 175 429 1

72 449 244 488 Ignoscere
259 461 298 480 an
318 452 412 481 liceat
426 452 599 482 interdum.
619 453 652 482 ii.
666 453 713 488 20,
729 454 777 482 21.
819 453 871 482 An

111 499 205 529 liceat
219 501 323 538 posita
336 501 408 539 Iege
422 502 548 539 poenali.
570 502 601 530 ii.
618 504 667 539 20,
682 503 721 530 24

72 546 260 586 Ignorantia
280 558 350 587 quae
372 549 522 579 delictum
544 550 675 580 minuat.
703 551 736 580 ii.
751 552 798 588 20,
813 552 872 589 43;

111 596 142 625 ii.
158 597 207 633 26,
222 600 238 626 1

72 644 190 674 Illicita
204 647 370 676 eximenda
389 648 556 676 verborum
572 649 820 678 universalitate.
842 649 873 678 ii.

112 695 160 732 16,
175 697 222 734 27,
238 698 254 725 1

71 745 173 783 Illyrii
187 746 321 784 praedari
337 747 434 781 soliti,
448 747 647 785 triumphati.
669 748 713 778 iii.
729 750 756 785 3,
772 751 799 785 2,
815 751 834 778 3

73 794 306 825 Immemoriale
327 799 463 835 tempus.
512 797 587 827 Vide
602 798 742 836 Tempus
763 799 873 828 imme-

112 846 255 877 moriale.
277 847 307 876 ii.
324 849 351 884 4,
367 848 385 877 7

74 894 265 925 Immunitas
279 905 383 926 rerum
405 897 446 925 ad
467 897 693 936 agriculturam
711 898 876 936 pertinen-

113 944 206 974 tium.
230 945 274 975 iii.
289 947 336 983 13,
351 948 378 982 4,
395 948 414 975 4

74 993 256 1032 Impediens
270 995 407 1033 aliquem
422 1006 441 1025 a
451 997 590 1035 petendo
605 1006 736 1026 munere
751 997 877 1035 quando

115 1046 274 1075 teneatur.
295 1046 328 1075 ii.
344 1048 391 1083 17,
405 1048 425 1075 3

77 1094 271 1133 Impendens
286 1096 316 1124 in
336 1106 401 1125 ren]
424 1097 559 1126 alienam
573 1100 705 1135 receptu
721 1098 879 1128 difficilem

114 1148 260 1183 sumptus
278 1149 392 1176 servat.
414 1146 444 1175 ii.
464 1148 512 1181 10,
527 1147 545 1177 9

74 1192 255 1231 Imperator
268 1194 432 1224 Romanus
454 1204 494 1224 an
519 1196 686 1234 imperium
708 1196 823 1225 habeat
843 1196 876 1224 in

114 1252 235 1274 omneS.
257 1244 288 1274 ii.
305 1246 354 1281 22,
369 1247 416 1274 13.
439 1246 512 1280 Qua
523 1246 606 1280 talis,
622 1247 769 1284 undejus
785 1255 876 1275 suum

113 1293 238 1322 habeat.
261 1294 292 1323 ii.
314 1294 342 1330 9,
359 1296 408 1330 11,
422 1295 451 1324 4.
495 1295 656 1324 Vicarium
673 1295 701 1324 ei
716 1295 786 1333 quis
801 1296 876 1324 dare

112 1343 221 1380 possit.
243 1342 320 1372 ibid.
363 1344 542 1373 Germaniae
554 1353 617 1382 qua
630 1344 712 1380 talis,
727 1345 812 1373 unde
823 1344 877 1382 jus

114 1400 206 1420 suum
221 1393 347 1422 habeat.
368 1393 446 1423 ibid.

75 1441 251 1479 Imperium
271 1442 392 1480 acquiri
414 1445 571 1480 quatenus
592 1443 703 1480 possit.
723 1443 768 1472 iii.
784 1444 831 1481 15,
848 1445 874 1473 1.

115 1492 154 1522 In
165 1492 265 1521 victos
279 1493 378 1529 accipi
393 1496 479 1522 recte
488 1493 529 1521 ad
543 1493 591 1521 sui
602 1493 748 1522 tutelam.
771 1494 814 1522 iii.
829 1495 878 1530 15,

113 1543 144 1579 2,
157 1544 186 1572 1.
227 1542 319 1571 Bello
330 1543 511 1580 acquiritur.
532 1543 575 1571 iii.
589 1544 618 1579 8,
631 1545 660 1572 1.
696 1544 740 1572 Ut
754 1544 786 1572 in
801 1553 879 1582 rege

114 1592 291 1630 imperante
307 1592 368 1622 alio
384 1595 431 1621 est
442 1593 526 1621 bello
541 1593 727 1631 acquiritur.
749 1594 792 1623 iii.
807 1595 836 1630 8,
851 1596 880 1631 4,

115 1644 143 1678 1,
157 1644 185 1672 2.
229 1642 370 1671 Alienari
387 1645 494 1680 potest
512 1652 531 1671 a
552 1652 628 1681 rege
649 1652 804 1673 consensu
818 1654 875 1682 po-

115 1692 194 1730 puli.
215 1691 249 1721 ii.
263 1692 293 1728 6,
308 1693 338 1721 3.
359 1692 540 1720 Romanum
555 1692 739 1721 distinctum
754 1694 794 1721 ab
809 1693 876 1721 Im-

115 1741 204 1779 perio
213 1741 416 1777 Francorum,
428 1745 460 1770 et
471 1750 570 1779 regno
581 1741 877 1779 Longobardorum.

114 1791 146 1820 ii.
162 1791 192 1825 9,
206 1793 255 1825 11,
269 1793 299 1821 3.
322 1791 351 1820 A
368 1791 538 1820 Germania
551 1800 678 1829 magna.
699 1792 770 1829 ii.9,
782 1794 831 1825 11,
848 1793 878 1820 1.

115 1842 160 1871 Et
173 1841 372 1879 majestatem
388 1849 584 1877 conservare,
596 1841 694 1878 quid?
713 1842 735 1869 i.
749 1843 779 1879 3,
794 1843 844 1878 21,
860 1842 878 1869 2

77 1891 209 1930 Imperii
226 1890 363 1920 Romani
386 1899 470 1919 nunc
492 1899 556 1919 non
582 1893 656 1920 sunt
679 1892 785 1920 omnia
807 1900 878 1929 quae

118 1940 193 1969 olim
207 1940 346 1970 fuerunt.
368 1939 398 1968 ii.
414 1940 462 1975 22,
477 1941 524 1975 13,
539 1941 566 1969 2.
609 1940 729 1968 Summi
745 1941 798 1978 jus
812 1943 878 1969 tam

116 1990 247 2028 populo,
277 1999 372 2028 quam
396 1989 465 2027 regi
486 1989 582 2027 longa
605 1990 800 2027 possessione
825 1999 878 2018 ac-

119 2040 265 2079 quiritur.
301 2039 334 2070 ii.
359 2041 387 2075 4,
410 2041 456 2067 11.
502 2039 653 2075 Subjecta
681 2048 824 2077 personae
846 2042 879 2069 et

118 2089 324 2119 territorium.
352 2089 385 2118 ii.
402 2090 431 2124 3,
450 2089 482 2122 4,
498 2090 527 2118 1.
568 2088 645 2116 Pars
666 2089 793 2126 pignori
811 2090 879 2118 dari

119 2149 184 2169 non
207 2142 324 2178 potest.
352 2139 384 2167 ii.
409 2139 436 2175 6,
457 2138 486 2168 9.
529 2137 654 2175 Proprii
679 2139 834 2176 exempla.
855 2139 876 2168 i.

119 2191 151 2225 3,
164 2190 212 2224 12,
226 2190 254 2224 3,
267 2189 297 2218 4.
340 2188 460 2216 Summi
480 2187 610 2225 partitio
633 2187 792 2224 quomodo
812 2187 878 2218 fiat.

118 2238 139 2267 i.
154 2239 185 2274 3,
206 2238 253 2274 17,
274 2239 302 2274 1,
324 2238 352 2266 2.
394 2237 466 2265 Vox
493 2235 664 2273 improprie
689 2239 794 2265 sumta
820 2246 878 2275 pro

120 2288 229 2323 ductu,
244 2289 276 2316 et
290 2295 348 2324 pro
364 2286 537 2324 postulato.
559 2286 579 2313 i.
595 2287 623 2321 3,
635 2286 684 2320 21,
695 2286 714 2314 8

79 2337 219 2375 Imperio
245 2336 364 2374 partito
385 2335 502 2373 singuli
525 2335 717 2372 imperantes
742 2343 800 2372 pro
823 2344 880 2364 sua

119 2385 275 2424 partejus
288 2384 364 2413 belli
378 2385 508 2412 habent.
531 2384 551 2412 i.
567 2385 595 2419 4,
610 2384 648 2412 13

81 2434 221 2472 Imperia
245 2442 363 2470 magna
389 2433 557 2461 difficulter
581 2431 811 2461 custodiuntur.
846 2432 878 2462 ii.

119 2484 172 2519 22,
200 2483 249 2518 13,
276 2484 313 2518 13
342 2482 385 2511 iii.
408 2483 455 2517 15,
481 2482 509 2517 7,
536 2483 564 2511 2.
610 2481 790 2510 Successiva
817 2491 880 2511 non

121 2541 245 2570 semper
267 2540 398 2560 summa.
428 2532 448 2561 i.
469 2533 497 2567 3,
520 2533 568 2567 10,
588 2532 619 2560 5.
663 2532 735 2560 Non
760 2541 882 2562 summa

119 2583 215 2620 plene
229 2580 349 2614 haberi,
361 2582 393 2609 et
404 2580 437 2608 in
452 2580 642 2617 patrimonio
658 2589 724 2609 esse
739 2585 880 2618 possunt.

121 2632 142 2661 i.
157 2632 185 2667 3,
200 2631 249 2659 14.
289 2629 434 2658 Electiva
448 2629 591 2666 quaedam
606 2638 737 2657 summa.
760 2630 781 2660 i.
794 2632 822 2666 3,
833 2632 881 2666 10,

121 2681 150 2710 6.
187 2678 340 2714 Quaedam
364 2678 396 2706 in
418 2678 618 2715 patrimonio,
640 2680 673 2706 et
693 2678 880 2709 alienabilia.

119 2730 143 2758 i.
157 2730 186 2765 3,
201 2730 250 2757 14.
295 2727 462 2762 Quomodo
482 2726 640 2756 intereant
660 2728 785 2756 sublato
806 2730 880 2757 sub-

115 2778 214 2817 jecto.
249 2777 281 2806 ii.
309 2777 337 2811 9,
360 2778 387 2804 1.
437 2776 648 2804 Profanorum
676 2779 789 2814 sponte
816 2786 880 2806 non

121 2826 295 2856 subeunde.
317 2826 348 2854 ii.
364 2826 411 2861 15,
426 2826 473 2861 10,
488 2826 507 2853 4

81 2875 260 2914 Impietatis
285 2877 430 2904 auctores
449 2874 521 2912 jure
545 2874 688 2913 gentium
711 2876 878 2914 punibileS.

121 2925 154 2953 ii.
166 2925 215 2960 20,
228 2925 279 2960 47,
294 2925 324 2959 2,
338 2925 366 2959 4,
381 2922 409 2953 δῦ
424 2924 474 2959 50,
488 2924 519 2961 3,
533 2923 562 2954 ἃ
577 2924 625 2959 51,
641 2926 668 2954 1.

1663 187 1747 229 423

942 305 1183 344 Impossibilitas
1198 306 1274 336 facti
1289 306 1434 345 promissi
1453 309 1592 344 excusat,
1616 317 1656 338 ne
1678 318 1742 347 pax

979 358 1158 394 rumpatur.
1180 356 1222 386 iii.
1238 358 1287 390 20,
1301 357 1338 386 37

940 404 1154 441 Inaequalitas,
1170 414 1240 443 quae
1261 405 1344 435 inest
1364 408 1553 444 contractui,
1570 408 1643 446 jure
1663 416 1744 446 gen-

980 454 1059 483 tium
1075 464 1136 483 non
1154 455 1333 484 resarcitur.
1355 455 1385 485 ii.
1401 458 1450 493 12,
1467 457 1517 491 26,
1534 459 1550 485 1

940 504 1146 532 Incarcerans
1161 504 1295 533 alterum
1311 505 1428 544 injuste
1442 507 1482 535 ad
1495 507 1571 545 quid
1586 510 1748 539 teneatur.

980 553 1000 582 i.
1019 554 1068 587 17,
1086 555 1134 590 14,
1150 554 1188 583 16

940 603 1101 631 Incestum
1113 603 1186 641 jure
1202 604 1356 642 gentium.
1377 605 1407 633 ii.
1423 607 1452 642 5,
1467 607 1515 643 12,
1529 608 1549 637 3

941 652 1159 690 Incorporalia
1175 662 1245 682 cum
1265 663 1402 692 persona
1416 657 1637 693 acquiruntur.
1658 656 1703 687 iii.
1718 657 1746 693 7,

979 703 1009 735 4,
1026 701 1053 731 ὃς
1069 711 1137 740 cap.
1155 704 1185 738 8,
1200 704 1228 738 4,
1244 704 1262 731 2

942 751 1113 780 Indefinita
1127 761 1185 790 pro
1200 753 1369 782 universali
1386 754 1512 792 quando
1528 754 1691 784 sumenda.
1713 754 1746 785 ii.

984 800 1033 834 16,
1051 802 1098 837 12,
1113 803 1129 829 1

944 851 1016 879 Indi
1032 850 1140 888 plures
1154 860 1269 880 uxores
1283 852 1452 884 habebant.
1475 852 1505 881 ii.
1523 854 1551 889 5,
1566 853 1595 889 9,
1610 855 1630 882 4

943 900 1104 928 Indictum
1132 900 1249 928 bellum
1284 901 1430 938 principi,
1465 901 1559 929 simul
1593 901 1748 931 indictum

983 949 1117 977 subditis
1133 951 1164 977 et
1180 949 1281 979 sociis.
1303 949 1346 979 iii.
1362 951 1390 986 3,
1404 950 1423 980 9

944 998 1082 1027 Indictio
1091 998 1175 1027 belli.
1193 999 1235 1027 iii.
1246 1001 1274 1035 3,
1282 999 1345 1035 5,&
1353 999 1382 1035 6,
1393 1000 1422 1029 &
1431 1003 1458 1030 7.
1483 1000 1640 1038 Utrinque
1652 1000 1747 1029 facta.

984 1046 1025 1076 iii.
1040 1048 1070 1080 3,
1088 1046 1117 1083 7,
1131 1048 1161 1076 3.
1204 1047 1355 1084 Specialis
1369 1048 1551 1086 requiritur,
1565 1048 1590 1076 si
1604 1048 1680 1076 socii
1690 1056 1748 1085 per

984 1105 1026 1131 se,
1043 1098 1075 1125 et
1089 1096 1174 1133 apud
1189 1106 1222 1125 se
1237 1097 1321 1125 bello
1336 1097 1543 1135 impetantur.
1565 1097 1607 1125 iii.
1625 1099 1652 1133 3,
1668 1098 1707 1127 10

944 1144 1104 1173 Indirecte
1126 1145 1222 1174 licent
1246 1145 1391 1182 quaedam
1427 1155 1498 1183 quae
1533 1145 1652 1175 directe
1682 1154 1747 1174 non

982 1195 1091 1224 licent.
1113 1195 1154 1224 iii.
1170 1197 1197 1231 1,
1213 1196 1241 1231 4,
1257 1197 1273 1224 1

943 1245 1084 1274 Induciae
1100 1245 1176 1283 quid
1192 1248 1224 1274 et
1238 1245 1321 1274 unde
1333 1245 1434 1274 dictae.
1459 1246 1503 1275 iii.
1519 1247 1567 1283 21,
1583 1247 1613 1276 2.
1636 1246 1748 1281 Quan-

982 1293 1022 1320 do
1037 1291 1190 1329 incipiant
1205 1292 1358 1330 obligare.
1379 1292 1422 1321 iii.
1439 1294 1488 1328 21,
1502 1293 1532 1321 5.
1555 1292 1608 1321 Ad
1623 1296 1747 1321 certum

982 1342 1096 1378 finem3
1118 1344 1150 1370 et
1165 1350 1271 1370 earum
1288 1342 1429 1371 effectus.
1452 1341 1484 1370 ii.
1499 1343 1547 1378 21,
1561 1341 1589 1378 6,
1601 1340 1629 1371 δῦ
1645 1342 1693 1371 13.
1715 1341 1748 1371 A

983 1392 1114 1421 ducibus
1129 1392 1254 1421 dantur.
1276 1392 1319 1421 iii.
1333 1394 1381 1429 23,
1396 1394 1415 1422 8

943 1442 1150 1470 Induciarum
1176 1444 1304 1479 tempus
1327 1450 1367 1470 an
1395 1442 1502 1471 veniat
1524 1441 1582 1470 sub
1609 1440 1685 1470 belli
1708 1449 1749 1469 an

983 1491 1069 1529 pacis
1083 1491 1219 1520 nomine.
1242 1491 1285 1519 iii.
1302 1492 1350 1527 21,
1365 1492 1394 1520 2.
1438 1491 1578 1529 Tempus
1590 1490 1750 1529 quomodo

986 1540 1245 1578 computandum.
1266 1540 1309 1568 iii.
1326 1541 1374 1576 21,
1389 1542 1409 1568 4

946 1590 1086 1620 Induciis
1104 1589 1201 1618 finitis
1221 1598 1306 1618 nova
1321 1589 1495 1618 indictione
1510 1598 1573 1618 non
1592 1598 1681 1627 opus.
1701 1588 1746 1618 iii.

985 1641 1034 1675 21,
1049 1640 1080 1668 3.
1122 1639 1239 1667 Earum
1255 1640 1400 1676 tempore
1415 1639 1491 1676 quid
1513 1639 1617 1668 liceat.
1641 1638 1683 1668 iii.
1697 1639 1748 1676 21,

986 1689 1015 1724 6,
1030 1690 1077 1717 11.
1120 1688 1174 1717 An
1196 1688 1378 1717 deficientes
1404 1691 1436 1717 et
1458 1688 1585 1717 relictos
1609 1688 1750 1725 recipere

986 1738 1091 1766 liceat.
1114 1738 1158 1767 iii.
1174 1739 1222 1774 21,
1234 1738 1264 1773 8,
1276 1739 1305 1767 1.
1346 1737 1486 1775 ElapsiS‚
1505 1737 1559 1775 qui
1574 1737 1641 1766 sine
1656 1736 1751 1774 culpa

986 1796 1084 1826 penes
1098 1788 1221 1816 hostem
1237 1787 1396 1825 reperitur
1410 1796 1450 1815 an
1472 1787 1543 1824 capi
1565 1787 1675 1824 possit.
1704 1785 1749 1814 iii.

986 1839 1035 1872 21,
1059 1837 1088 1866 9.
1122 1837 1175 1865 Ab
1205 1837 1306 1866 altera
1329 1840 1421 1875 parte
1445 1836 1549 1875 ruptis
1572 1835 1747 1866 indictione

987 1895 1050 1915 non
1066 1895 1156 1924 opus.
1178 1887 1221 1916 iii.
1239 1888 1289 1921 11,
1304 1889 1341 1915 11

948 1935 1127 1965 Inermibus
1148 1937 1352 1974 parcendum.
1380 1936 1423 1966 iii.
1440 1937 1538 1972 11,1Ο

949 1985 1060 2014 Infans
1074 1986 1291 2024 promittendo
1305 1995 1369 2014 non
1384 1986 1558 2023 obligatur.
1579 1985 1612 2014 ii.
1630 1986 1676 2021 11,
1691 1984 1712 2014 5

947 2035 1086 2064 Infantis
1112 2036 1286 2064 dominium
1301 2036 1395 2065 unde.
1418 2036 1450 2064 ii.
1467 2037 1497 2070 3,
1514 2035 1533 2065 6

948 2084 1123 2113 Infantium
1140 2085 1315 2113 dominium
1332 2084 1434 2122 quale.
1457 2084 1488 2114 ii.
1500 2086 1528 2119 3,
1543 2084 1578 2120 63
1602 2084 1634 2112 ii.
1647 2084 1677 2121 5,
1692 2084 1721 2120 2,
1733 2084 1753 2113 2

948 2134 1129 2164 Infantibus
1144 2135 1347 2172 parcendum.
1369 2135 1413 2164 iii.
1430 2136 1477 2170 11,
1487 2134 1516 2170 9,
1529 2135 1558 2168 1,
1575 2135 1593 2162 2

948 2184 1131 2213 Infeudatio
1147 2187 1194 2213 est
1209 2184 1368 2212 alienatio.
1389 2184 1420 2212 ii.
1437 2184 1464 2220 6,
1477 2184 1496 2214 9

949 2234 1188 2263 Infeudationes
1203 2243 1376 2272 regnorum
1390 2234 1488 2263 irritae
1510 2235 1578 2264 sine
1597 2243 1753 2264 consensu

986 2284 1108 2322 populi.
1129 2284 1207 2313 ibid.

948 2333 1164 2362 Infortunium
1181 2336 1213 2362 et
1233 2333 1350 2371 injuria
1364 2342 1427 2371 quo
1443 2334 1572 2362 distent.
1603 2333 1635 2362 ii.
1652 2334 1702 2369 21,
1721 2333 1752 2369 5,

989 2383 1025 2417 13
1047 2383 1076 2417 3,
1091 2383 1139 2417 11,
1154 2383 1182 2417 3,
1199 2383 1215 2410 1

949 2431 1121 2461 Infortunii
1134 2434 1166 2460 et
1180 2431 1301 2468 injuriae
1316 2430 1486 2459 distinctim
1506 2430 1548 2459 iii.
1564 2432 1612 2466 11,
1623 2432 1652 2468 3,
1669 2431 1697 2466 1,
1711 2431 1731 2459 4

949 2481 1075 2518 Ingrati
1089 2489 1151 2509 non
1167 2480 1353 2517 puniuntur.
1374 2480 1404 2509 ii.
1419 2481 1468 2515 20,
1481 2481 1529 2516 20,
1545 2481 1572 2516 1,
1584 2481 1602 2509 2

950 2530 1075 2559 Inimici
1090 2529 1273 2567 sepeliendi.
1293 2529 1322 2558 ii.
1339 2529 1385 2564 19,
1402 2530 1422 2558 3

949 2580 998 2617 Inj
1004 2579 1071 2608 uria
1085 2579 1211 2616 quando
1225 2578 1317 2607 alteri
1331 2578 1363 2606 in
1376 2586 1511 2615 persona
1524 2577 1654 2607 alterius
1665 2578 1752 2607 facta

989 2632 1165 2657 censeatur.
1188 2628 1231 2656 iii.
1247 2629 1298 2661 20,
1313 2629 1360 2663 40,
1376 2629 1395 2655 2

950 2678 1090 2716 Injuriae,
1103 2678 1213 2715 culpae,
1229 2681 1261 2706 et
1271 2676 1436 2706 infortunii
1448 2677 1624 2706 discrimen.
1646 2677 1688 2706 iii.
1701 2679 1750 2714 11,

988 2729 1019 2761 4,
1035 2729 1061 2763 1,
1077 2728 1105 2763 5,
1120 2727 1147 2757 6.
1192 2727 1345 2761 Quaedam
1359 2726 1508 2763 ferendae,
1532 2729 1565 2755 et
1587 2726 1707 2764 quales.
1728 2727 1754 2756 i.

988 2778 1016 2811 2,
1031 2777 1060 2811 8,
1074 2778 1091 2805 7

949 2824 1110 2863 Injustitia
1124 2824 1280 2854 committi
1299 2826 1408 2863 potest
1429 2825 1462 2854 in
1481 2825 1565 2855 bello
1584 2825 1687 2864 justo.
1708 2825 1751 2856 iii.

987 2876 1035 2910 11,
1051 2876 1078 2910 1,
1094 2876 1111 2903 1

949 2923 1109 2961 Injustum
1127 2924 1215 2963 quid.
1235 2924 1259 2954 i.
1273 2926 1302 2961 1,
1315 2925 1344 2962 3,
1357 2926 1375 2955 1
