1971 3326
148 319 207 345 Lib,
220 319 258 344 iii.
269 319 308 344 36.

148 525 259 559 Fraqm
270 528 292 547 e.

144 555 202 579 xxi.
218 554 275 579 Eel.
289 554 326 578 10.

147 660 220 684 Vict.
233 657 337 688 dejure

144 691 214 719 belli,
225 696 251 714 n.
262 690 302 714 59.

146 786 205 810 Lib.
216 785 243 810 ii.
255 786 292 813 17.

146 988 203 1012 Lib.
217 988 244 1013 ii.
258 988 291 1012 de

147 1021 226 1044 Clem.
240 1027 262 1045 e.
275 1020 298 1047 7.

146 1180 207 1206 Lib.
220 1183 265 1207 vii.
280 1183 320 1206 20.

364 191 449 232 208
715 197 1188 233 TEMPERAMENTUM
1218 197 1369 234 CIROA
1397 200 1489 235 JUS
1650 196 1746 246 [Lm.
1768 199 1838 235 ΙΙΙ.

367 309 423 350 Et
443 306 729 358 Athenienses,
754 313 801 351 ut
826 307 1093 364 Thucydides
1116 311 1276 355 narrat,
1301 306 1492 363 poenituit
1516 307 1670 350 decreti
1691 309 1839 350 adver-

365 389 435 416 sus
469 374 746 432 Mitylenaeos,
784 371 913 418 πόλιν
945 371 1053 426 ὅλην
1088 368 1339 434 διαφθεῖραι
1381 375 1555 422 μᾶλλον
1592 370 1615 426 ἢ
1653 372 1700 418 οὐ
1737 372 1840 419 τούς

366 441 540 490 αἰτίους,
564 449 611 482 ut
634 449 767 483 totam
787 442 1005 483 civitatem
1016 441 1168 495 potius
1189 454 1318 495 quam
1338 440 1447 482 solos
1466 441 1716 494 defectionis
1738 456 1840 483 auc-

367 515 477 550 tores
506 508 803 561 interficerent.
874 506 1086 547 Narratur
1120 510 1163 548 et
1197 505 1383 548 Diodoro
1420 505 1672 557 Demetrius,
1709 507 1840 564 captis

366 571 531 622 Thebis,
558 572 700 614 decem
724 571 830 614 solos
853 571 1107 614 interfecisse
1130 576 1320 614 auctores
1344 570 1595 614 defectionis.

465 639 541 681 VI.
601 640 626 680 1
677 638 761 681 Sed
785 637 828 680 in
849 637 948 695 ipsis
969 652 1133 694 quoque
1156 637 1253 680 belli
1275 637 1513 680 auctoribus
1537 636 1840 695 distinguendae

365 718 525 747 causae:
550 709 646 747 sunt
667 704 775 747 enim
799 704 990 761 quaedam
1014 719 1096 746 non
1114 704 1242 761 justae
1263 703 1442 760 quidem,
1468 703 1542 746 sed
1559 709 1699 747 tamen
1719 704 1837 754 tales,

365 776 412 813 ut
446 785 529 813 non
562 770 760 827 improbis
790 770 947 827 possint
981 770 1207 827 imponere,
1273 769 1459 826 Scriptor
1491 770 1546 812 ad
1580 770 1839 813 Herennium

365 836 667 893 deprecationis
688 851 852 879 causam
877 836 1150 893 aequissimam
1173 837 1280 879 hanc
1299 837 1426 893 ponit,
1449 836 1484 879 si
1507 835 1609 892 quis,
1629 851 1723 893 quae
1746 851 1840 894 pec-

365 903 488 954 cavit,
524 918 609 945 non
633 903 726 946 odio
762 917 896 960 neque
923 903 1180 952 crudelitate,
1217 903 1290 945 sed
1319 902 1447 944 officio
1477 908 1520 944 et
1552 908 1666 945 recto
1701 903 1838 946 studio

365 975 592 1012 commotus
623 969 780 1012 feeerit.
852 968 1026 1025 Sapiens
1059 970 1239 1018 Senecae,
1283 970 1420 1011 hostes
1455 970 1646 1011 dimittet
1682 969 1837 1019 salvos,

366 1037 608 1092 aliquando
638 1037 769 1078 etiam
801 1036 1017 1084 laudatos,
1053 1036 1094 1077 si
1120 1036 1305 1077 honestis
1334 1035 1481 1077 causis
1506 1050 1594 1090 pro
1620 1036 1722 1089 fide,
1751 1050 1840 1091 pro

354 1104 518 1157 federe,
537 1116 623 1157 pro
657 1103 855 1144 libertate
877 1102 926 1142 in
958 1101 1113 1142 bellum
1136 1102 1325 1143 accincti
1355 1102 1456 1143 sint.
1526 1101 1652 1156 Apud
1676 1100 1838 1144 Livium

366 1171 543 1224 npetunt
577 1166 709 1209 errori
741 1166 904 1209 veniam
936 1166 1121 1216 Caerites,
1149 1166 1261 1222 quod
1293 1166 1449 1209 fuerint
1483 1166 1636 1209 auxilio
1669 1182 1839 1209 consan-

145 1246 217 1299 Am»
233 1244 338 1274 Syriae
366 1233 538 1292 guineis.
603 1233 895 1281 Phocensibus‚
929 1232 1267 1275 Chalcidensibus
1299 1239 1342 1275 et
1376 1233 1479 1283 aliis,
1517 1232 1587 1289 qui
1619 1247 1671 1275 ex
1694 1233 1839 1276 federe

145 1276 224 1306 p.98.

145 1378 223 1402 Tom.
239 1384 269 1403 11.
284 1385 310 1410 p.

146 1410 192 1432 135
205 1415 231 1433 n.

143 1769 207 1801 Cap.
222 1771 243 1794 2.

366 1299 613 1342 Antiochum
631 1298 842 1355 juverant,
870 1299 969 1341 data
1000 1313 1026 1341 a
1055 1298 1256 1341 Romanis
1285 1299 1418 1341 venia.
1482 1299 1687 1341 Aristides
1709 1300 1838 1342 Leuc-

366 1366 470 1408 trica
491 1367 669 1408 secunda
693 1366 925 1415 Thebanos,
959 1364 1030 1421 qui
1063 1364 1472 1407 Lacedaemoniorum
1500 1366 1669 1408 ductum
1693 1371 1839 1408 contra

366 1431 641 1475 Athenienses
665 1431 792 1474 secuti
825 1436 957 1481 erant,
989 1431 1060 1481 ait,
1093 1433 1303 1475 κοινωνεῖν
1326 1428 1404 1483 μὲν
1425 1429 1472 1475 οὗ
1504 1428 1660 1475 δικαίου
1685 1429 1838 1491 πράγ-

364 1518 514 1551 ματος,
547 1493 691 1556 ducatu)
727 1493 826 1541 δὲ
806 1494 945 1557 ετὲρῳ
979 1495 1293 1557 περιστέλλειν
1328 1517 1414 1550 την
1444 1495 1633 1557 μέμψιν,
1670 1500 1734 1541 τῶ
1767 1518 1839 1541 πι-

346 1583 499 1613 ,στους
545 1565 652 1608 εἶναι
698 1565 788 1611 τοῖς
838 1560 1102 1621 ἡγουμένοις,
1150 1565 1198 1605 ‘in
1236 1572 1414 1618 patiam
1460 1565 1633 1619 quidem
1676 1579 1838 1607 venisse

363 1632 535 1686 inyustoe
570 1632 767 1680 actionis,
804 1632 878 1672 secl
913 1644 1043 1685 quam
1065 1630 1186 1684 justo
1234 1630 1384 1685 aliquo
1423 1631 1626 1679 velaiQent
1653 1631 1744 1683 fide
1789 1632 1838 1672 in

356 1699 582 1753 principes
617 1698 687 1739 sui
712 1697 894 1752 federis.

457 1765 484 1805 2
528 1763 671 1805 Cicero
695 1765 746 1805 cle
771 1763 931 1818 Officiis
955 1760 1087 1818 primo
1112 1761 1414 1804 conservandos
1431 1776 1500 1804 eos
1524 1761 1634 1812 dicit,
1660 1761 1729 1818 qui
1754 1777 1836 1805 non

362 1830 549 1872 crudeles
572 1829 614 1870 in
638 1829 759 1879 bello,
785 1843 867 1870 non
890 1828 1087 1869 immanes
1111 1828 1304 1870 fuerunt:
1339 1834 1426 1870 tum
1448 1828 1568 1879 bella,
1591 1828 1737 1884 quibus
1761 1828 1835 1870 im-

362 1895 467 1951 perii
502 1895 635 1952 gloria
670 1894 884 1951 proposita
915 1900 990 1944 est,
1027 1893 1161 1936 minus
1197 1894 1346 1937 acerbe
1375 1894 1560 1952 gerenda
1594 1909 1695 1937 esse.
1768 1895 1835 1938 Sic

421 2006 436 2022 ¹¹
459 2001 574 2030 Petunt
588 2000 691 2029 errori
704 1999 841 2038 veniam]
864 1999 990 2038 Iynosci
1011 1998 1064 2028 de-
1130 2001 1197 2030 haec
1213 2003 1287 2030 sunt
1302 2011 1311 2030 :
1332 2002 1387 2030 καὶ
1403 2000 1519 2039 Νίγρῳ
1535 2001 1593 2038 μὲν
1606 2000 1835 2039 πολεμοῦντες

363 2052 433 2081 bere
460 2050 614 2079 interdum
643 2049 742 2078 armis
775 2052 921 2087 superato
951 2048 1066 2077 rectori
1130 2052 1192 2089 οὐχ
1207 2052 1309 2080 οὕτως
1325 2049 1483 2089 εὐλόγους
1504 2050 1637 2089 εἴχομεν
1652 2051 1762 2080 αἰτίας
1778 2051 1835 2090 ἕχ-

352 2101 475 2137 justum
495 2100 573 2139 quid
592 2100 633 2129 sit
656 2099 828 2137 iqnorcmiz'.
856 2099 905 2126 Ex
924 2099 1066 2127 Isocrate
1132 2100 1221 2138 θρας,
1239 2100 1280 2129 ὠς
1299 2100 1491 2139 ἀναγκαίας.
1514 2101 1549 2129 οὺ
1570 2100 1637 2139 γάρ
1657 2099 1737 2137 παρ’
1757 2099 1835 2138 ἡμῖν

362 2151 563 2189 transcripsit
578 2149 766 2179 Ammianus
786 2148 818 2177 in
838 2148 953 2177 librum
975 2156 1066 2177 xxx-
1131 2149 1418 2188 Ιπρουιττίρχουσαν
1473 2149 1580 2188 α’ρχήν
1629 2149 1836 2188 ὑφαρπάζων

360 2201 448 2239 (cap.
463 2200 510 2238 8.)
1131 2200 1308 2237 μεμίσητο,
1332 2199 1366 2229 ἐν
1391 2199 1479 2238 μέσῳ
1503 2200 1536 2228 δὲ
1561 2199 1754 2237 ἐρ’ῥιμμένην
1781 2198 1835 2229 καὶ

420 2256 434 2270 ⁰
454 2249 552 2288 Apud
571 2247 805 2286 Herodianum]
828 2248 936 2278 Verba
955 2248 1068 2277 Graeca
1132 2247 1347 2286 ἀμφήριστον
1370 2248 1484 2284 οὖσαν,
1510 2247 1665 2285 ἑκάτερος
1685 2247 1773 2286 ἡμῶν
1796 2248 1834 2287 ἐξ

361 2405 579 2448 Athenians,
595 2404 654 2440 for
665 2405 737 2440 this
755 2416 898 2447 reason,
910 2404 1091 2451 repented
1108 2403 1151 2440 of
1168 2404 1266 2440 their
1282 2404 1415 2440 decree
1436 2404 1579 2450 against
1600 2403 1665 2440 the
1681 2404 1832 2452 Mityle-

360 2465 480 2500 nians.
531 2464 581 2498 So
598 2463 812 2497 Demetrius
829 2462 938 2497 acted
955 2466 994 2496 at
1012 2462 1170 2497 Thebes.

431 2521 498 2556 VI.
550 2525 568 2555 1
601 2521 676 2554 But
696 2520 785 2561 also,
807 2520 845 2554 in
866 2519 931 2554 the
952 2519 1104 2554 authors
1131 2519 1174 2554 of
1195 2519 1260 2554 the
1274 2530 1360 2561 war,
1377 2518 1442 2554 the
1463 2529 1591 2554 causes
1617 2517 1660 2553 of
1680 2517 1746 2553 the
1771 2521 1832 2552 act

361 2589 425 2613 are
446 2582 486 2613 to
511 2577 559 2612 be
583 2576 876 2623 distinguished3
902 2576 962 2610 for
986 2576 1093 2611 there
1113 2587 1177 2611 are
1206 2587 1308 2611 some
1329 2576 1460 2617 which,
1485 2575 1629 2621 though
1653 2579 1721 2610 not
1740 2576 1832 2621 just,

358 2647 446 2682 may
466 2635 610 2681 impose
632 2645 680 2669 on
697 2634 803 2669 those
823 2633 905 2668 who
923 2644 986 2668 are
1003 2637 1070 2668 not
1086 2633 1161 2668 bad
1174 2644 1271 2668 men.
1320 2633 1401 2668 The
1421 2634 1546 2667 writer
1563 2637 1602 2667 to
1618 2633 1831 2667 Herennius

357 2697 445 2738 puts
470 2692 544 2727 this
570 2702 610 2726 as
631 2702 654 2726 a
680 2695 810 2736 strong
834 2690 980 2736 ground
1001 2690 1044 2724 of
1060 2701 1205 2725 excuse.
1259 2690 1310 2725 So
1339 2690 1502 2731 Seneca3
1533 2700 1574 2725 so
1592 2689 1657 2724 the
1679 2689 1830 2724 Caerites

357 2749 470 2794 plead
490 2749 529 2783 in
549 2749 667 2795 Livy3
696 2758 736 2783 so
757 2748 822 2783 the
847 2747 1032 2782 Phoeians
1053 2747 1127 2781 and
1140 2747 1266 2782 others
1288 2758 1383 2782 were
1403 2746 1596 2794 pardoncd
1616 2746 1666 2792 by
1685 2746 1805 2780 Rome
1817 2755 1828 2786 3

359 2816 401 2840 so
423 2806 605 2841 Aristides
625 2805 754 2851 pleads
775 2805 836 2840 for
855 2804 920 2840 the
942 2804 1128 2839 Thebans.

430 2866 452 2896 2
485 2863 613 2897 Cicero
631 2873 713 2908 says
727 2861 809 2896 that
822 2861 929 2896 those
946 2872 1010 2896 are
1027 2865 1066 2896 to
1083 2861 1130 2896 be
1147 2860 1292 2906 spared,
1310 2860 1391 2895 who
1408 2859 1504 2895 have
1520 2857 1653 2904 fought
1669 2857 1827 2893 without

357 2918 522 2963 cruelty3
539 2919 613 2953 and
630 2918 713 2953 that
726 2930 818 2953 wars
838 2918 898 2952 for
917 2919 1024 2964 glory
1041 2918 1172 2953 should
1191 2917 1238 2952 be
1256 2917 1398 2952 carried
1421 2928 1469 2951 on
1486 2917 1557 2951 less
1577 2915 1741 2961 bitterly.
1776 2915 1827 2949 So

355 2974 531 3020 Ptolemy
548 2975 631 3009 tells
650 2975 865 3010 Demetrius
883 2975 965 3009 that
979 2975 1068 3020 they
1084 2985 1180 3010 were
1197 2977 1236 3009 to
1253 2974 1358 3019 fight,
1378 2976 1445 3008 not
1460 2973 1521 3008 for
1537 2972 1735 3012 existence,
1757 2971 1826 3007 but
