1971 3326
148 176 238 212 CAP.
259 171 367 217 XX]
472 174 564 210 UBI
592 174 661 209 DE
692 172 838 210 PAOIS
869 172 1140 216 PAOTIONE,
1169 174 1278 209 Ero.
1541 167 1624 211 347

148 300 240 328 cum
272 298 426 344 magna
458 284 737 327 innocentium
765 290 934 342 strage:
971 283 1075 326 nihil
1111 284 1222 326 enim
1261 284 1299 326 ei
1333 284 1623 340 imputandum

149 357 225 401 est,
264 352 334 408 qui
373 351 532 393 mavult
568 365 618 393 ea
652 350 814 393 ratione
851 355 1026 401 certare,
1063 365 1156 406 quae
1186 365 1301 407 spem
1333 350 1411 407 ipsi
1443 350 1623 392 maxime

148 418 405 475 probabilem
438 422 629 460 ostentat.
702 417 786 459 Sed
818 422 860 459 et
894 417 972 459 hoc
1007 432 1153 459 verum
1189 422 1264 466 est,
1301 417 1491 473 quaedam
1529 431 1622 472 quae

148 499 232 527 non
255 490 368 527 recte
391 484 508 533 fiunt,
531 484 584 526 ab
607 482 698 525 aliis
715 489 856 525 tamen
873 489 987 526 recte
1010 498 1093 525 non
1116 483 1298 540 probari,
1324 483 1398 525 sed
1420 483 1620 540 permitti,

147 556 196 593 ut
219 551 416 608 graviora
439 550 559 600 mala,
580 564 673 605 quae
690 549 811 592 aliter
836 549 961 592 vitari
984 565 1065 591 non
1090 555 1274 606 possunt,
1294 549 1496 592 vitentur:
1523 564 1622 605 quo-

148 618 271 659 modo
294 616 434 660 multis
456 616 499 657 in
522 616 621 658 locis
644 615 879 659 tolerantur
903 621 946 658 et
971 615 1160 673 improba
1188 616 1348 667 fenora,
1381 621 1424 658 et
1445 615 1622 672 impudi-

149 682 288 726 citiam
313 683 511 740 professae
534 682 739 724 mulieres.

245 752 272 792 5
323 749 446 800 Quod
476 762 578 805 ergo
608 762 736 803 supra
769 747 948 789 diximus
977 762 1069 789 cum
1102 748 1154 789 de
1184 747 1479 804 praeveniendo
1512 747 1620 790 bello

148 820 359 872 ageretur,
395 814 429 856 si
453 814 547 863 duo,
582 828 683 869 quos
706 814 816 856 inter
841 814 893 855 de
917 828 1047 870 regno
1072 814 1354 855 controversia
1379 819 1453 864 est,
1483 815 1621 870 parati

148 881 230 923 sint
252 881 362 923 inter
386 895 430 923 se
453 880 579 922 armis
603 894 786 929 cernere,
822 879 912 936 pati
940 879 984 921 id
1014 894 1133 935 posse
1163 879 1375 936 populum,
1409 886 1456 922 ut
1487 880 1621 936 major

149 947 362 989 calamitas
385 946 597 1001 ceteroqui
631 945 847 988 imminens
870 945 1077 988 evitetur:
1113 945 1222 988 idem
1247 951 1301 994 et,
1327 961 1419 987 cum
1442 946 1494 988 de
1515 946 1622 988 bello

149 1013 331 1056 finiendo
358 1012 511 1070 agitur,
546 1012 765 1054 dicendum
797 1007 907 1054 eritf
956 1012 1199 1062 aQuomodo
1227 1011 1455 1069 Assyrium
1479 1027 1622 1070 regem

152 1079 293 1136 Cyrus
316 1078 585 1136 provocavit:
622 1084 664 1120 et
688 1078 800 1134 apud
825 1078 1073 1135 Dionysium
1099 1077 1509 1121 Halicarnassensem
1533 1081 1623 1121 Me-

148 1145 231 1187 tius
254 1145 326 1195 ait,
352 1160 435 1187 non
452 1144 637 1200 iniquum
661 1145 798 1194 fuisse,
818 1139 891 1186 but
906 1144 983 1201 ipsi
1005 1144 1211 1200 principes
1230 1144 1475 1200 populorum
1494 1145 1620 1186 armis

147 1226 238 1254 rem
261 1212 370 1254 inter
393 1226 437 1253 se
471 1211 764 1267 disceptarent,
802 1211 836 1252 si
871 1211 923 1253 de
958 1210 1154 1267 ipsorum,
1190 1225 1273 1251 non
1298 1211 1349 1252 de
1373 1211 1622 1267 populorum

148 1278 337 1335 potentia
364 1283 437 1321 aut
465 1277 669 1335 dignitate
699 1276 983 1320 controversia
1014 1276 1171 1319 fuisset.
1244 1276 1313 1319 Sic
1354 1277 1621 1319 ⁰Heraclium

149 1392 285 1422 versiam
312 1393 463 1431 periculis
491 1393 708 1432 objiceretur3
745 1396 857 1423 narrat

151 1442 383 1472 Constantinus
413 1443 724 1482 Porphyrogenneta
751 1443 856 1481 capite

150 1495 190 1523 de
216 1496 321 1523 castro
346 1493 527 1523 Chersonis.
567 1494 650 1523 Vide
675 1494 857 1532 exemplum

149 1544 320 1583 singularis
353 1544 534 1574 certaminis
570 1544 610 1574 de
637 1553 738 1581 regno
770 1544 857 1582 apud

149 1595 331 1624 Pontanum
346 1594 497 1623 Historia
510 1594 642 1623 Danica
653 1605 662 1623 .·
687 1596 719 1623 et
734 1603 805 1631 quae
817 1593 857 1622 de

147 1644 430 1683 provocationibus
452 1644 535 1673 inter
555 1644 707 1673 Carolum
723 1643 763 1673 V.
788 1644 856 1671 Im-

149 1696 330 1732 peratorem
351 1697 383 1722 et
397 1693 602 1722 Franciscum
618 1693 761 1721 Primum
778 1692 856 1721 Gal-

149 1743 201 1773 liae
221 1753 342 1781 regem,
373 1746 505 1772 narrant
528 1743 679 1772 historici.
723 1742 856 1780 [Certa-

149 1802 224 1822 men
245 1793 417 1830 singulare,
440 1793 478 1821 de
503 1802 566 1830 quo
590 1793 766 1830 Fontanus,
794 1792 857 1821 fuit

922 1393 992 1423 Lib.
1008 1402 1039 1422 v.
1067 1402 1142 1432 pag.
1159 1394 1228 1423 151.
1250 1393 1316 1423 Ed.
1333 1394 1432 1425 Amst.
1450 1394 1538 1425 1631.
1581 1396 1626 1424 II-

921 1443 983 1472 lius
1002 1446 1109 1472 autem
1132 1443 1217 1472 inter
1233 1444 1435 1473 Pharnacum
1458 1448 1491 1474 et
1511 1446 1628 1474 Sauro-

922 1496 1056 1529 matum,
1084 1493 1207 1522 nullum
1237 1497 1285 1522 est
1306 1494 1476 1532 vestigium
1500 1496 1533 1523 in
1557 1505 1626 1533 cap.

924 1544 976 1572 De
994 1543 1108 1572 Castro
1128 1543 1305 1579 Chersonis,
1317 1544 1402 1581 quod
1418 1547 1466 1573 est
1480 1545 1629 1573 ultimum

923 1593 993 1622 Lib.
1006 1602 1044 1622 11.
1064 1592 1167 1622 Consi.
1182 1593 1486 1631 Porpltyroyennetae
1496 1594 1534 1623 de
1549 1595 1629 1623 The-

922 1643 1081 1679 matibus5
1115 1652 1220 1681 neque
1247 1643 1321 1671 alibi
1350 1643 1382 1671 in
1412 1646 1482 1673 toto
1521 1654 1627 1683 opere.

923 1693 959 1723 J.
974 1693 1033 1731 R]

984 1749 997 1764 ⁰
1017 1742 1217 1781 Heraclium]
1242 1744 1324 1773 Vide
1341 1744 1533 1782 Aymoinum
1548 1745 1630 1775 libro

924 1801 970 1822 1v.
987 1794 1118 1830 cap.2l.
1135 1796 1167 1822 et
1181 1794 1411 1832 Fredegarium
1427 1804 1496 1832 cap.
1509 1795 1559 1826 64.

151 1842 236 1872 inter
261 1842 469 1872 Edmundum
500 1844 532 1870 et
558 1841 731 1871 Canutum.
773 1841 856 1871 Vide

150 2008 234 2044 that
250 2008 299 2042 he
315 2007 397 2042 who
418 2008 617 2042 maintains
637 2019 686 2042 an
706 2009 833 2054 unjust
854 2019 974 2049 cause,
994 2009 1069 2042 will
1085 2009 1132 2044 be
1153 2010 1354 2045 victorious
1375 2010 1464 2045 with
1481 2022 1504 2045 a
1523 2015 1630 2057 great

150 2065 342 2110 slaughter
359 2065 402 2099 of
418 2066 595 2100 innocent
611 2076 775 2111 persons.
827 2065 901 2100 For
921 2065 1027 2100 there
1048 2067 1078 2101 is
1099 2066 1191 2101 then
1207 2079 1256 2101 no
1275 2068 1397 2102 blame
1422 2068 1630 2114 imputable

151 2127 191 2158 to
208 2122 287 2156 him
301 2122 393 2162 who,
405 2123 443 2155 in
459 2122 551 2157 such
564 2133 586 2156 a
599 2133 693 2163 case,
711 2122 854 2168 prefers
872 2122 937 2157 the
955 2123 1104 2158 combat
1121 2124 1240 2159 which
1252 2125 1357 2170 gives
1374 2124 1451 2158 him
1469 2125 1533 2160 the
1546 2126 1629 2160 best

150 2179 250 2225 hope
280 2179 401 2214 which
430 2179 460 2214 is
485 2183 525 2213 to
555 2179 603 2214 be
623 2179 710 2214 had.
772 2180 847 2214 But
876 2179 950 2214 this
976 2180 1054 2215 also
1082 2181 1112 2215 is
1138 2185 1234 2223 true,
1259 2182 1342 2216 that
1372 2193 1475 2217 some
1503 2182 1629 2228 things

151 2236 272 2271 which
296 2248 383 2283 may
398 2236 446 2271 be
467 2236 564 2271 done
580 2236 736 2271 without
756 2236 890 2278 blame,
906 2242 1043 2272 cannot
1063 2238 1220 2273 without
1235 2239 1358 2273 blame
1376 2239 1423 2273 be
1440 2240 1630 2285 approved

152 2295 203 2340 by
220 2293 366 2335 others3
387 2293 531 2339 though
548 2293 638 2340 they
659 2305 744 2339 may
760 2293 807 2328 be
823 2295 1026 2339 permitted
1041 2295 1124 2329 that
1140 2307 1273 2341 graver
1289 2297 1391 2337 evils,
1408 2296 1528 2331 which
1542 2308 1628 2331 can-

152 2355 220 2386 not
245 2351 441 2386 otherwise
461 2351 509 2386 be
529 2351 698 2392 avoided,
722 2362 809 2397 may
827 2351 875 2385 be
896 2352 1075 2387 avoided:
1108 2363 1148 2387 as
1174 2353 1213 2386 in
1238 2364 1350 2399 many
1371 2364 1483 2395 cases,
1514 2365 1628 2399 usury

153 2409 228 2443 and
248 2408 489 2453 prostitution
509 2419 574 2443 are
594 2408 789 2443 tolerated.

228 2470 249 2499 5
280 2464 485 2500 Therefore
511 2465 610 2499 what
636 2476 691 2500 we
711 2465 806 2499 have
827 2465 906 2500 said
923 2465 1052 2508 above,
1068 2466 1175 2501 when
1195 2477 1248 2500 we
1265 2466 1380 2511 spoke
1398 2466 1442 2500 of
1454 2471 1628 2511 prevent-

154 2522 218 2567 ing
235 2532 324 2562 war3
346 2521 430 2556 that
447 2522 480 2556 if
492 2525 563 2556 two
580 2533 734 2567 persons
751 2522 920 2557 between
936 2523 1058 2557 whom
1074 2524 1142 2558 lies
1160 2523 1224 2557 the
1239 2523 1385 2568 disputo
1404 2524 1630 2569 concerning

154 2590 178 2613 a
197 2578 387 2624 kingdom,
417 2590 481 2613 are
510 2579 626 2623 ready
651 2583 690 2613 to
717 2579 811 2624 fight
838 2579 868 2613 it
892 2583 958 2614 out
985 2580 1024 2613 in
1054 2592 1076 2614 a
1101 2580 1262 2620 combat,
1288 2580 1352 2614 the
1378 2580 1512 2625 people
1543 2592 1630 2626 may

155 2635 263 2670 allow
282 2635 313 2669 it
333 2638 373 2669 to
393 2635 440 2669 bc
469 2646 509 2670 so
538 2635 706 2676 decided,
730 2635 813 2670 that
833 2635 897 2671 the
917 2640 1066 2681 greater
1088 2637 1264 2682 calamity
1288 2636 1408 2670 which
1434 2636 1629 2672 otherwise

155 2692 326 2738 impends
343 2703 428 2737 may
445 2692 492 2726 be
509 2692 684 2733 avoided3
706 2703 792 2738 may
806 2693 854 2727 be
875 2693 955 2727 said
975 2693 1065 2728 here
1088 2693 1178 2734 also,
1194 2693 1302 2727 when
1323 2693 1388 2727 the
1405 2694 1577 2738 question
1597 2695 1628 2729 is

154 2749 271 2784 about
290 2749 532 2794 terminating
555 2748 620 2784 the
637 2760 723 2785 war.
775 2750 820 2783 In
844 2749 918 2784 this
943 2761 1033 2795 way,
1056 2750 1172 2795 Cyrus
1194 2749 1413 2795 challenged
1434 2750 1498 2785 the
1519 2751 1629 2797 Assy-

155 2807 238 2840 rian
258 2806 366 2851 king:
394 2806 467 2840 and
489 2807 526 2839 in
543 2806 754 2852 Dionysius,
776 2806 912 2840 Metius
934 2817 1016 2852 says
1037 2806 1121 2840 that
1142 2806 1171 2840 it
1191 2806 1314 2840 would
1334 2811 1400 2841 not
1421 2807 1514 2842 have
1531 2808 1629 2843 been

155 2864 293 2908 unjust,
309 2863 392 2898 that
408 2862 472 2898 the
483 2864 626 2898 leaders
643 2863 686 2898 of
697 2863 761 2898 the
779 2866 850 2898 two
862 2863 1015 2909 peoples
1028 2862 1162 2898 should
1179 2863 1401 2898 themselves
1415 2864 1545 2899 decide
1563 2865 1628 2900 the

153 2925 293 2956 matter
321 2921 370 2967 by
396 2932 418 2956 a
442 2920 604 2961 combat,
631 2920 665 2954 if
691 2920 756 2956 the
782 2924 1021 2967 controversy
1048 2931 1145 2956 were
1171 2921 1398 2968 concerning
1422 2921 1521 2957 their
1545 2934 1628 2958 own

1640 763 1699 788 Lib.
1714 764 1741 788 ii.
1755 765 1793 788 23.

1642 794 1654 824 §
1671 795 1706 818 10.

1640 825 1728 855 AEgid.
1743 824 1808 855 Reg.

1639 856 1710 886 disp.
1723 857 1763 880 32.
1777 856 1841 880 dub.

1640 888 1663 910 2.
1677 893 1704 910 n.
1721 887 1760 911 18.

1642 1093 1702 1118 Lib.
1716 1093 1754 1118 iii.
1769 1093 1806 1117 12.
