1971 3326
347 203 432 244 354
491 208 560 243 DE
590 208 711 242 FIDE
741 206 964 243 PUBLIOA
996 205 1101 247 QUA
1130 204 1341 240 BELLUM
1372 205 1600 247 FINITUR,
1635 202 1733 251 [Lm.
1753 206 1825 240 ΙΙΙ.

350 318 513 370 debeat,
540 322 582 360 et
603 317 702 373 quid
726 316 856 358 victor
873 314 982 371 jure,
1003 314 1101 370 quid
1121 313 1246 356 etiam
1266 313 1380 356 salvo
1403 314 1513 355 omni
1538 314 1667 356 officio
1689 315 1827 357 facere

349 385 491 442 possit,
526 384 625 440 quid
654 382 831 438 denique
860 396 953 423 eum
980 380 1157 422 maxime
1188 380 1343 422 deceat.
1416 380 1565 422 Victus
1596 386 1688 436 post
1713 382 1826 423 dedi-

350 451 504 493 tionem
529 450 630 491 nihil
661 463 743 490 non
772 446 1011 504 patiendum
1034 447 1188 490 habet:
1226 446 1379 503 quippe
1408 446 1496 502 jam
1527 446 1728 496 subditus,
1768 454 1823 498 et,

352 517 385 559 si
409 517 477 573 jus
508 516 603 558 belli
636 522 854 556 externum
885 513 1137 570 respicimus,
1175 528 1223 555 eo
1261 513 1304 554 in
1330 513 1432 561 loco,
1466 519 1512 555 ut
1543 512 1580 554 ei
1611 512 1711 554 nihil
1743 528 1825 556 non

353 583 458 638 eripi
482 581 621 638 possit,
647 581 771 622 etiam
798 580 894 630 vita,
927 579 1051 621 etiam
1075 579 1246 621 libertas
1271 579 1514 635 personalis,
1541 579 1668 620 multo
1692 580 1825 637 magis

353 649 472 696 bona,
496 662 578 689 non
603 647 766 704 publica
790 652 964 695 tantum,
989 646 1061 688 sed
1088 652 1130 687 et
1151 646 1421 702 singulorum.
1494 647 1658 695 AEtoli,
1691 645 1825 701 inquit

131 732 315 774 pmxxxvii.
352 715 432 757 alio
457 715 544 756 loco
570 713 721 762 Livius,
742 715 952 769 permisso
979 714 1112 755 libero
1138 714 1340 762 arbitrio,
1374 710 1441 755 φιβ’
1457 714 1506 754 in
1535 727 1720 768 corpora
1749 728 1824 755 sce-

132 774 332 829 ijib.iii.8.§4.
353 783 531 830 viretum
568 781 821 823 metuebant.
893 779 1122 821 Citavimus
1162 779 1285 821 alibi:
1334 781 1409 820 ubi
1451 781 1599 821 omnia
1645 780 1696 827 ei,
1744 780 1825 835 qui

354 850 493 889 armis
526 848 631 903 plns
657 855 812 902 potest,
852 848 1003 888 dedita
1031 854 1142 894 sunt,
1181 861 1280 901 (luce
1313 861 1363 887 em
1392 847 1450 887 iis
1486 847 1642 887 habere
1672 846 1823 897 victor,

354 916 513 971 quibus
536 915 745 955 mulctari
768 928 834 955 eos
860 913 973 959 velit,
1007 913 1147 967 ipsius
1169 912 1399 966 judic-ium
1427 920 1556 967 atque
1585 913 1826 953 arbitrium

134 996 194 1020 Lib.
210 995 254 1020 vii.
355 990 429 1023 est.
501 978 686 1021 Eodem⁷
721 979 822 1020 illud
859 978 965 1020 Livii
999 978 1205 1033 pertinet:
1253 979 1467 1019 Romanis
1502 993 1591 1020 mos
1637 986 1827 1020 vetustus

355 1056 463 1096 erat,
490 1062 584 1088 cam
604 1061 685 1102 quo
709 1061 782 1087 ozee
793 1047 960 1100 federe,
985 1059 1059 1086 nec
1081 1046 1213 1097 eequis
1239 1045 1399 1098 {essibus
1411 1045 1697 1099 jzmyerentur
1716 1045 1827 1086 ami-

355 1115 476 1162 citia,
502 1128 584 1154 non
605 1114 733 1166 prius
756 1113 938 1166 imperio
959 1113 1005 1152 in
1025 1126 1118 1153 eum
1139 1119 1348 1166 tanquam
1365 1119 1579 1165 pacatum
1596 1112 1673 1158 uti,
1695 1126 1826 1166 quam

355 1181 501 1221 omnia
538 1180 694 1220 divina
728 1180 1003 1232 humanaque
1041 1179 1237 1226 dedisset,
1274 1178 1440 1219 obsides
1478 1178 1655 1232 accepti,
1696 1191 1827 1218 arma

355 1248 546 1297 ademta,
575 1246 795 1300 praesidia
831 1245 1011 1285 urbibus
1045 1245 1247 1298 imposita
1277 1245 1442 1298 forent.
1514 1243 1657 1284 Etiam
1697 1242 1827 1285 occidi

136 1331 194 1356 Lib,
209 1331 246 1355 iii.
263 1331 299 1355 ιι.
356 1312 466 1354 licite
489 1311 696 1353 interdum
722 1310 882 1352 deditos
906 1309 1168 1352 ostendimus,

135 1363 199 1392 ξω
458 1379 505 1420 L.
573 1379 596 1418 1
647 1378 703 1418 At
728 1377 871 1425 victor,
898 1391 949 1417 ne
974 1375 1072 1432 quid
1096 1375 1247 1432 injuste
1271 1375 1406 1426 faciat,
1430 1381 1620 1432 spectare
1647 1375 1826 1432 primum

357 1444 493 1493 debet,
526 1458 577 1485 ne
601 1458 721 1499 quem
745 1443 916 1491 occidat,
951 1443 1028 1483 nisi
1053 1443 1095 1484 id
1116 1457 1188 1484 suo
1216 1442 1397 1484 facinore
1423 1442 1642 1484 meritum:
1679 1442 1736 1484 sic
1768 1449 1823 1492 et,

357 1525 408 1552 ne
434 1510 496 1552 cui
518 1510 733 1566 quicquam
755 1510 930 1558 auferat,
957 1509 1033 1550 nisi
1055 1509 1096 1550 in
1115 1508 1270 1565 justam
1296 1524 1470 1565 poenam.
1540 1504 1682 1551 iIntra,
1715 1509 1825 1550 hunc

355 1583 493 1619 autem
527 1577 704 1626 modum,
739 1582 939 1632 quantum
973 1575 1171 1617 securitas
1201 1575 1370 1631 patitur,
1403 1576 1457 1618 ad
1490 1575 1748 1618 clementiam
1782 1580 1825 1618 et

354 1643 643 1686 liberalitatem
674 1643 934 1699 propendere
958 1657 1121 1698 semper
1151 1642 1368 1684 honestum
1398 1647 1473 1692 est,
1506 1642 1716 1684 interdum
1747 1656 1825 1698 pro

354 1709 668 1752 circumstantiis
693 1709 817 1750 etiam
842 1723 892 1750 ex
919 1723 1079 1750 morum
1103 1708 1250 1766 regula
1274 1708 1559 1751 necessarium.

412 1828 425 1847 ⁷
447 1828 551 1856 Locus
570 1837 633 1856 non
659 1828 762 1855 exstat
787 1826 859 1855 Lib.
874 1834 937 1855 vu.
960 1835 1055 1863 quem
1125 1824 1293 1854 ostendere
1307 1834 1443 1862 possem,
1463 1827 1495 1854 et
1509 1825 1708 1864 aliquatenus
1728 1824 1760 1853 id
1773 1824 1827 1862 ju-

352 1879 477 1907 Auctor
503 1878 535 1905 in
564 1877 706 1914 margine
732 1876 863 1911 indicat,
898 1876 952 1904 sed
985 1875 1053 1904 Lib.
1124 1878 1223 1903 varet.
1279 1874 1436 1903 Nimirum
1464 1875 1568 1904 locum
1596 1875 1686 1903 illum
1718 1878 1828 1903 noster

353 1937 482 1958 xxvin.
519 1937 546 1957 c.
568 1928 618 1957 34.
649 1936 742 1964 quem
773 1936 911 1955 errorem
940 1927 1056 1955 tacitus
1127 1925 1342 1962 exscripserat
1363 1934 1378 1953 e
1397 1924 1506 1953 Parni
1525 1925 1635 1954 Ffflm
1653 1925 1825 1954 SEMESTR.

353 1978 578 2012 emendassem,
605 1979 641 2004 ut
666 1977 848 2003 innumeros
870 1975 948 2003 alios
971 1975 1055 2013 ejus·
1127 1974 1198 2003 Lib.
1213 1984 1234 2003 ¹.
1258 1984 1284 2003 c.
1296 1975 1344 2004 vii.
1368 1985 1398 2013 p.
1411 1977 1512 2005 m.43.
1533 1976 1587 2004 ubi
1608 1979 1770 2013 tamquam
1788 1983 1828 2003 ex

352 2029 438 2058 modi
453 2027 579 2057 silentio
594 2025 744 2065 praeterii,
767 2025 826 2053 nisi
849 2025 970 2054 fontem
988 2025 1055 2064 ejus
1126 2024 1196 2054 Lib.
1214 2033 1272 2055 vn.
1286 2025 1449 2055 laudatur:
1467 2029 1500 2055 et
1513 2025 1643 2056 alterius
1657 2025 1730 2054 libri
1744 2024 1827 2063 ejus-

354 2192 509 2239 quished
527 2196 637 2239 party
662 2192 779 2238 ought
806 2196 845 2228 to
872 2193 1008 2235 suffer3
1039 2192 1138 2227 what
1167 2192 1231 2227 the
1249 2191 1448 2226 victorious
1469 2192 1579 2236 party
1595 2200 1680 2235 may
1697 2188 1746 2222 do
1773 2187 1824 2234 by

355 2251 475 2296 right3
506 2250 604 2284 what
625 2250 733 2285 other
753 2250 874 2286 duties
895 2251 1042 2296 require
1064 2250 1106 2285 of
1132 2250 1232 2291 him3
1263 2249 1336 2283 and
1359 2248 1499 2293 finally,
1525 2247 1623 2281 what
1650 2246 1823 2281 becomes

355 2307 444 2343 him.
498 2308 577 2342 The
594 2307 834 2353 vanquished,
859 2308 956 2342 after
973 2308 1182 2348 surrender,
1203 2308 1232 2341 is
1253 2306 1366 2340 liable
1387 2311 1425 2339 to
1447 2304 1560 2338 suffer
1580 2302 1820 2348 everything:

355 2365 404 2400 he
420 2366 449 2400 is
463 2365 614 2411 already
628 2377 650 2399 a
665 2366 828 2410 subject3
846 2365 917 2399 and
936 2365 968 2399 if
981 2377 1034 2399 we
1050 2365 1136 2400 look
1153 2369 1192 2398 at
1208 2364 1272 2398 the
1288 2367 1452 2397 extreme
1466 2360 1566 2406 right
1583 2359 1626 2394 of
1640 2370 1724 2400 war,
1739 2360 1769 2393 is
1783 2359 1822 2393 in

357 2423 448 2457 such
469 2434 491 2457 a
512 2423 703 2457 condition
725 2422 807 2456 that
832 2422 1051 2468 everything
1076 2434 1160 2467 may
1181 2421 1228 2455 be
1253 2421 1366 2454 taken
1391 2419 1490 2453 from
1515 2418 1614 2458 him3
1646 2428 1740 2451 even
1764 2416 1822 2451 his

356 2480 445 2521 life3
476 2491 569 2514 even
596 2480 652 2514 his
676 2479 848 2525 personal
874 2479 1032 2525 liberty3
1062 2479 1174 2513 much
1203 2488 1318 2518 more,
1346 2476 1461 2522 goods
1489 2479 1555 2509 not
1576 2475 1664 2520 only
1685 2474 1823 2520 public,

357 2536 425 2571 but
447 2548 538 2571 even
556 2537 699 2582 private
721 2540 910 2583 property.
976 2537 1025 2571 So
1048 2537 1085 2570 in
1105 2536 1209 2581 Livy,
1236 2536 1288 2570 the
1311 2534 1489 2574 Ecolians,
1517 2533 1649 2577 liaviny
1676 2543 1822 2566 surren-

358 2595 463 2628 dered
483 2600 521 2628 at
538 2595 734 2636 discretiori,
753 2593 939 2640 (permisso
957 2595 1062 2628 libero
1085 2591 1264 2635 arbitrio)
1288 2604 1375 2627 were
1396 2591 1527 2637 qfraid
1542 2591 1616 2625 that
1633 2601 1713 2624 even
1733 2589 1823 2624 their

353 2663 500 2697 persons
518 2652 638 2686 would
657 2658 717 2686 not
738 2653 774 2686 be
793 2652 933 2697 spared.
984 2651 1052 2685 We
1073 2651 1166 2685 have
1184 2649 1383 2685 elsewhere
1404 2649 1503 2683 cited
1520 2647 1762 2693 expressions,
1782 2650 1822 2681 to

358 2708 423 2743 the
445 2709 552 2743 effect
574 2709 655 2744 that
677 2709 740 2744 the
762 2720 969 2755 conqueror
989 2720 1073 2754 may
1094 2709 1182 2743 take
1207 2708 1277 2742 all:
1310 2712 1350 2742 to
1371 2706 1435 2741 the
1451 2717 1552 2740 same
1570 2704 1679 2739 effect
1699 2704 1729 2738 is
1756 2703 1824 2738 the

358 2776 512 2811 passage
534 2766 576 2800 of
592 2768 696 2813 Livy,
714 2767 836 2801 where
861 2767 908 2801 he
926 2777 1008 2812 says
1024 2766 1117 2807 that,
1139 2765 1182 2800 of
1200 2765 1272 2806 old,
1295 2764 1359 2798 the
1372 2765 1538 2798 Romans
1558 2772 1655 2796 were
1676 2765 1743 2795 not
1764 2772 1822 2796 sa·-

360 2823 480 2856 tisfied
510 2824 597 2857 with
627 2824 807 2870 anything
833 2824 937 2858 short
962 2824 1042 2858 ofa
1072 2823 1256 2869 complete
1284 2821 1483 2856 surrender
1504 2831 1552 2854 on
1578 2818 1643 2854 the
1670 2822 1755 2864 part
1783 2817 1826 2852 of

360 2878 458 2912 their
474 2881 647 2915 enemies.
708 2882 793 2915 And
811 2893 863 2916 we
884 2881 978 2916 have
994 2881 1118 2916 shewn
1137 2880 1219 2915 that
1237 2879 1343 2915 those
1362 2878 1442 2913 who
1459 2877 1553 2912 have
1574 2874 1822 2912 surrendered

360 2945 446 2980 may
466 2937 676 2972 sometimes
698 2938 860 2985 lawfully
881 2939 929 2973 be
949 2943 1017 2984 put
1038 2943 1077 2973 to
1099 2937 1225 2974 death.

438 2992 481 3025 L,
533 2996 551 3025 1
585 2994 659 3027 But
675 2994 739 3029 the
766 2996 894 3037 victor,
921 2996 960 3030 in
981 2996 1092 3031 order
1107 2999 1174 3031 not
1191 2998 1229 3030 to
1247 2994 1295 3030 do
1312 2992 1492 3040 anything
1508 2989 1684 3037 unjustly‚
1706 2986 1823 3033 ought
