1971 3326
140 635 173 658 L.
187 639 249 658 cum
260 635 320 658 loca

138 666 176 689 35⁴
202 665 236 687 D.
251 665 283 689 de

140 693 216 726 reliq.

139 769 204 799 Cap.
217 770 255 794 55.

142 1031 200 1056 Lib.
215 1031 231 1055 i.
244 1031 267 1056 3.
283 1031 295 1062 ξ
308 1032 330 1056 8.

359 183 414 222 98
535 188 603 222 DE
635 187 801 222 REBUS
832 169 1120 221 VASTANDIS
1151 185 1567 226 ERIPIENDISQUE.
1631 183 1727 227 [LIB.
1748 184 1818 218 111.

360 299 571 339 Romanis
603 298 850 353 permisere,
895 297 1009 351 quod
1043 294 1225 337 salutem
1259 295 1369 348 ipsis
1404 294 1534 335 tulit.-
1582 294 1819 334 Artaoeatis

359 364 474 418 iynis
502 365 729 405 immissus.

454 429 509 471 II.
575 430 599 469 1
646 429 793 483 Neque
827 426 895 482 jus
939 425 1122 482 gentium
1163 439 1333 473 merum,
1377 421 1554 478 seposita
1596 423 1817 465 officiorum

359 493 532 536 aliorum
556 491 890 540 consideratione,
917 491 969 533 de
992 490 1138 546 quibus
1164 490 1344 532 dicemus
1367 488 1488 537 infra,
1514 502 1630 530 sacra
1654 488 1815 544 excipit,

358 559 401 601 id
425 565 498 610 est,
524 573 616 614 quae
651 559 740 599 Deo
772 562 844 599 aut
868 556 943 598 diis
967 557 1101 598 dicata
1124 561 1228 598 sunt.
1308 556 1417 597 Cum
1442 555 1535 595 loca
1559 562 1692 609 capta
1714 562 1818 596 sunt

358 627 411 666 ab
434 626 636 673 hostibus,
659 619 831 665 bomm'a
854 624 1052 665 desinunt
1074 637 1205 664 sacra
1229 636 1324 670 esse,
1348 619 1408 662 ait
1431 619 1678 675 Pomponius
1694 619 1818 674 juris-

358 690 576 732 consultus.
650 691 792 731 Sacra
832 690 1154 744 Syracusarum
1189 687 1377 729 victoria
1411 686 1603 741 profana
1629 687 1814 740 fecerat,

357 755 415 797 ait
442 756 583 797 Cicero
608 754 788 798 Verrina
812 759 973 809 quarta.
1040 754 1177 795 Causa
1207 752 1328 808 hujus
1352 757 1425 801 est,
1451 750 1562 807 quod
1586 765 1679 806 quae
1702 765 1820 792 sacra

360 822 563 870 dicuntur,
588 835 738 863 revera
765 835 847 861 non
874 819 1103 875 eripiuntur
1137 818 1325 860 humanis
1352 817 1504 866 usibus,
1529 816 1626 858 csed
1657 815 1820 872 publica

360 893 480 929 sunt:
516 900 632 929 sacra
656 892 792 928 autem
817 885 1080 927 nominantur·
1103 899 1127 926 a
1151 884 1231 926 fine
1254 883 1318 925 cui
1340 883 1544 925 destinata
1569 887 1675 924 sunt.
1727 881 1819 938 Sig-

360 968 459 995 num
484 952 570 1009 ejus
594 952 703 1008 quod
739 951 828 993 dico
858 956 932 1000 est,
958 950 1068 1006 quod
1097 965 1187 992 cum
1216 949 1306 1005 quis
1330 948 1504 1004 populus
1525 946 1645 989 alteri
1669 947 1820 1002 populo

360 1024 432 1061 aut
452 1018 544 1076 regi
573 1033 617 1060 se
649 1017 774 1067 dedit,
801 1023 888 1059 tum
918 1016 1041 1058 etiam
1066 1030 1115 1058 ea
1145 1015 1239 1057 dedi
1268 1029 1360 1070 quae
1384 1013 1524 1055 divina
1549 1012 1752 1061 dicuntur,
1774 1017 1822 1054 ut

361 1099 413 1126 ex
438 1083 613 1126 formula
636 1088 810 1139 apparet
831 1096 953 1138 quam
976 1081 1189 1123 citavimus
1211 1079 1307 1122 alibi
1331 1094 1383 1121 ex
1407 1079 1552 1121 Livio:
1586 1078 1649 1120 cui
1677 1092 1823 1121 conve-

360 1150 421 1192 nit
442 1150 542 1191 illud
566 1149 607 1190 in
628 1150 941 1204 Amphitruone
963 1146 1099 1188 Plauti
1122 1146 1229 1201 (Act.
1253 1160 1280 1187 1.
1305 1146 1422 1188 Scen.
1448 1147 1487 1194 1,
1508 1158 1612 1187 verS.
1640 1143 1717 1197 71)
1737 1160 1747 1186 ε

589 1226 744 1266 Urbem,
766 1236 906 1271 agrum,
927 1235 1021 1266 aras,
1041 1224 1155 1265 focos,
1176 1234 1287 1269 seque
1309 1222 1362 1257 uti
1384 1222 1575 1258 dederent.

359 1291 521 1335 Deinde
547 1293 671 1347 (vers.
698 1291 801 1344 102)
817 1305 826 1332 :

588 1371 816 1416 Dcduntque
839 1381 889 1412 se,
908 1370 1042 1412 divina,
1062 1368 1298 1417 humanaque
1320 1371 1456 1405 omnia.

418 1460 432 1481 b
457 1459 569 1489 Omnia
591 1459 733 1488 desinunt
754 1467 851 1487 sacra
875 1456 954 1495 esse]
978 1457 1058 1486 Ter-

360 1510 511 1539 tullianus
525 1509 724 1548 Apoloqetico
741 1507 826 1547 (cap.
842 1507 908 1545 25.)
952 1508 1059 1537 Porro

361 1559 442 1588 bella
458 1562 486 1587 et
499 1558 638 1587 vietorioe
655 1557 757 1595 capiis
778 1560 806 1586 et
822 1557 936 1586 eversis
954 1556 1059 1594 pluri-

361 1619 441 1638 mum
455 1608 582 1637 urbibus
596 1611 754 1637 constant.-
778 1607 814 1636 id
827 1607 980 1645 neyotz'um
995 1606 1060 1635 sine

360 1655 502 1689 Deorzmi
515 1659 635 1696 injuria
649 1669 709 1688 non
728 1662 771 1688 est
782 1668 792 1688 :
816 1658 927 1688 eoedem
941 1661 1062 1696 straqes

360 1711 500 1738 moenz'um
513 1713 541 1738 et
555 1710 734 1747 templorum
748 1719 758 1738 .·
776 1718 876 1747 pares
895 1707 993 1737 coedes
1015 1707 1060 1736 ci-

361 1759 442 1787 vium
461 1762 488 1788 et
504 1758 719 1787 sacerdotum.-
744 1767 797 1786 nee
819 1756 984 1785 dissimiles
1007 1764 1062 1784 ra-

357 1809 440 1847 pinae
461 1818 626 1838 sacrarum
648 1808 832 1837 diviliarum
856 1810 884 1835 et
905 1806 1062 1844 profana-

361 1868 440 1887 rum.
482 1859 538 1887 Tot
552 1859 651 1896 iqitur
661 1857 832 1895 sacrileqz'cz
840 1856 1063 1890 Romanorum,

362 1911 436 1946 quot
449 1908 607 1945 trophaea:
624 1911 667 1936 tot
682 1908 719 1935 cle
729 1907 815 1942 Diis,
828 1909 901 1944 quot
915 1905 952 1934 de
966 1905 1064 1943 (lenti-

363 1958 418 1985 bus
432 1957 602 1994 triumphi:
623 1960 666 1985 tot
680 1957 843 1991 manubice,
855 1959 927 1993 quot
942 1957 1064 1983 manent

364 2007 467 2035 adhuc
500 2006 673 2034 simulacra
701 2006 894 2042 captivorum
928 2004 1062 2033 deorum.

363 2056 460 2085 Mox:
481 2059 510 2084 et
524 2056 606 2090 bene,
625 2055 752 2093 quodsi
769 2054 846 2092 quid
867 2053 992 2082 ach-ersi
1011 2062 1065 2081 ur.-

365 2105 453 2133 bibus
475 2104 600 2139 accidit,
627 2103 735 2133 eaezlem
758 2102 862 2132 clades
885 2103 1066 2140 templorum

366 2164 430 2192 quae
446 2157 473 2183 et
487 2153 777 2191 moenz'umfuerant.
819 2151 914 2189 (Cap.
928 2152 992 2189 40.)

1186 1464 1198 1478 Ε
1221 1458 1284 1487 Sed
1296 1459 1427 1496 publica
1446 1456 1531 1496 sunt]
1554 1456 1714 1487 Marsilius
1728 1456 1825 1486 Pata-

1129 1507 1219 1536 vinus
1238 1509 1269 1536 in
1292 1509 1457 1537 defensore
1471 1508 1557 1546 pacis
1579 1517 1687 1546 cap.v.
1709 1516 1785 1545 pag.
1795 1508 1824 1535 2.

1130 1557 1233 1587 Nicol.
1262 1558 1395 1586 Boerius
1432 1557 1527 1586 decis.
1556 1565 1656 1586 Lxlx.
1684 1565 1772 1585 num.
1796 1558 1823 1584 1.

1130 1607 1260 1636 Bossius
1287 1607 1319 1635 in
1347 1607 1433 1635 crim.
1465 1607 1503 1635 de
1528 1606 1598 1634 foro
1625 1607 1828 1643 competente

1131 1666 1217 1685 num.
1250 1657 1319 1686 101.
1384 1655 1604 1684 Cothmannus
1638 1663 1726 1684 cons.
1757 1655 1828 1684 100.

1131 1715 1216 1734 num.
1233 1706 1282 1735 30.

1191 1754 1205 1775 ὖ
1226 1754 1348 1783 Eorum
1376 1754 1437 1783 sint
1463 1757 1491 1783 et
1517 1752 1644 1791 templa]
1680 1752 1830 1783 Ostendit

1132 1806 1215 1834 hunc
1229 1814 1346 1833 morem
1370 1807 1402 1833 et
1416 1804 1539 1842 Polybii
1561 1804 1649 1833 locus
1672 1803 1754 1832 infra
1777 1812 1828 1832 ca-

1132 1855 1199 1893 pite
1214 1854 1266 1883 xii.
1284 1854 1299 1893 §
1315 1855 1344 1884 7.

1192 1910 1205 1925 Θ
1227 1905 1265 1933 In
1287 1904 1358 1932 belli
1379 1912 1452 1932 usus
1471 1901 1648 1940 conversas]
1670 1903 1714 1932 Ut
1733 1911 1751 1931 a
1772 1903 1830 1941 Sy-

1133 1954 1251 1982 racusis
1274 1956 1417 1991 tempore
1441 1952 1658 1988 Timoleontis,
1682 1952 1714 1980 in
1740 1951 1830 1990 cujus

1134 2004 1198 2033 vita
1220 2005 1251 2032 id
1270 2004 1365 2033 habet
1384 2004 1573 2032 Plutarchus
1598 2002 1688 2041 (pag.
1704 2003 1761 2031 247
1780 2001 1831 2039 E.)

1137 2053 1208 2082 Chii
1230 2054 1380 2082 mulctam
1404 2054 1463 2083 sibi
1485 2063 1503 2082 a
1520 2053 1706 2082 Mithridate
1730 2052 1830 2080 indic-

1134 2105 1199 2131 tam
1215 2103 1308 2131 etiam
1320 2112 1336 2131 e
1350 2103 1445 2131 sacris
1460 2102 1539 2132 vasis
1554 2102 1734 2132 conficiunt.
1759 2102 1831 2139 Ap-

1136 2151 1248 2190 pianus
1276 2151 1502 2189 Mithridatico,
1525 2151 1617 2190 (pag.
1633 2150 1720 2189 201.)
1765 2149 1829 2179 Pli-

367 2319 557 2354 themselves
573 2324 612 2353 at
629 2319 681 2354 the
698 2329 814 2365 mercy
835 2320 882 2364 of
892 2319 943 2353 the
960 2319 1135 2360 Romans,
1147 2318 1258 2352 which
1274 2329 1347 2352 was
1369 2318 1457 2352 their
1470 2319 1586 2363 safety
1595 2329 1609 2356 ,⁸
1633 2315 1827 2352 Artaoeatae

368 2388 442 2411 was
460 2378 580 2411 burm.

435 2433 485 2467 II.
540 2437 556 2466 1
590 2431 670 2467 The
690 2443 791 2466 mere
820 2432 908 2466 Law
937 2432 979 2466 of
995 2432 1164 2473 Nations,
1191 2432 1328 2477 setting
1348 2431 1450 2466 aside
1470 2431 1535 2465 the
1556 2430 1829 2465 consideration

367 2490 410 2524 of
426 2489 533 2524 other
558 2489 689 2530 duties,
715 2489 758 2523 of
785 2489 904 2523 which
931 2500 984 2523 we
1013 2488 1107 2522 shall
1128 2488 1344 2523 afterwards
1362 2488 1486 2534 speak,
1508 2488 1596 2522 does
1613 2491 1680 2522 not
1697 2491 1830 2532 except

366 2546 493 2581 sacred
516 2546 674 2587 edifices,
704 2545 785 2580 that
806 2546 847 2587 is,
867 2545 974 2580 those
994 2545 1113 2580 which
1138 2557 1201 2580 are
1227 2545 1422 2580 dedicated
1442 2549 1481 2579 to
1504 2544 1587 2579 God
1605 2548 1703 2579 orto
1723 2544 1828 2590 gods.

373 2603 485 2637 When
505 2603 626 2648 places
646 2614 708 2637 are
736 2603 840 2637 taken
860 2604 903 2648 by
920 2603 973 2636 the
992 2614 1122 2647 enemy,
1143 2603 1196 2636 all
1216 2614 1324 2637 ceases
1341 2608 1374 2636 to
1393 2604 1429 2636 be
1446 2602 1578 2642 sacred,
1603 2612 1642 2635 as
1667 2602 1832 2646 Pompo-

366 2660 449 2694 nius
466 2659 530 2694 the
550 2659 669 2694 Jurist
694 2670 787 2705 says.
843 2660 913 2693 The
938 2660 1061 2693 sacred
1075 2660 1195 2704 places
1214 2660 1262 2704 of
1279 2659 1454 2704 Syracuse
1473 2669 1561 2692 were
1577 2658 1772 2692 desecrated
1788 2658 1832 2702 by

366 2717 510 2761 victory,
527 2727 565 2750 as
587 2716 716 2750 Cicero
738 2727 829 2762 says.
879 2716 958 2750 The
976 2727 1085 2750 cause
1103 2716 1145 2750 of
1163 2716 1235 2750 this
1253 2716 1282 2750 is
1304 2716 1386 2750 that
1401 2715 1466 2749 the
1487 2715 1610 2760 places
1631 2713 1750 2748 which
1767 2724 1832 2748 are

367 2773 487 2806 called
503 2772 632 2807 sacred
642 2783 705 2806 are
719 2777 785 2806 not
802 2773 920 2818 really
936 2772 1149 2807 abstracted
1162 2772 1259 2806 from
1274 2771 1416 2806 human
1432 2782 1514 2805 uses
1528 2783 1538 2811 3
1554 2771 1623 2805 but
1636 2781 1699 2804 are
1711 2770 1832 2804 called

367 2829 497 2862 sacred
521 2830 560 2862 in
588 2829 861 2863 consideration
889 2829 932 2864 of
954 2829 1019 2864 the
1050 2829 1123 2864 end
1148 2833 1187 2864 to
1212 2829 1332 2863 which
1356 2828 1446 2873 they
1470 2838 1533 2861 are
1567 2827 1747 2861 destined.
1799 2826 1833 2861 A

367 2884 449 2928 sign
476 2885 518 2918 of
532 2884 605 2919 this
626 2886 656 2919 is
677 2885 759 2920 that
779 2885 886 2921 when
903 2897 925 2920 a
941 2886 1075 2932 people
1092 2887 1193 2931 gives
1214 2885 1319 2920 it-self
1331 2896 1381 2930 up
1405 2888 1444 2918 to
1466 2883 1623 2918 another
1639 2883 1774 2929 people
1790 2894 1833 2918 or

368 2940 470 2985 king,
493 2940 522 2974 it
542 2941 641 2985 gives
661 2953 711 2987 up
737 2942 814 2977 also
835 2942 932 2977 what
957 2953 1020 2977 are
1049 2942 1168 2977 called
1193 2941 1322 2976 sacred
1351 2940 1510 2982 edifices,
1534 2951 1574 2975 as
1601 2951 1758 2986 appears
1783 2940 1833 2987 by
