1971 3326
122 199 212 235 CAP.
233 196 337 244 XV.]
526 200 588 236 AC
595 200 936 242 QUISITIONEM
966 199 1180 235 IMPERII.
1507 193 1591 235 277

121 311 351 365 imperium
368 311 500 365 juxta
525 311 775 360 libertatem,
800 326 1045 366 paucorum
1068 311 1308 352 dominatio
1340 311 1470 365 rcqiae
1495 310 1592 352 libi-

121 377 220 417 dini
247 378 432 432 propior
467 385 537 419 esc.
616 376 699 418 Sed
735 376 933 432 ejusmodi
968 376 1214 418 mutationes
1248 390 1303 418 an
1337 376 1392 419 ad
1424 375 1592 418 victoris

122 441 385 484 securitatem
409 441 577 497 faciant,
598 457 680 484 non
704 449 767 484 est
790 448 943 484 nostrae
965 442 1239 498 inspectionis.

224 507 303 549 IX.
362 508 407 550 Si
432 508 565 550 minus
588 514 724 550 tutum
745 508 799 550 sit
822 508 932 550 omni
955 508 996 550 in
1021 508 1150 550 victos
1172 508 1345 564 imperio
1369 507 1589 557 abstinere,

121 573 348 629 temperari
370 579 510 616 tamen
533 589 599 616 res
617 579 765 630 potest,
791 579 837 616 ut
860 574 1015 629 aliquid
1035 574 1196 630 imperii
1218 574 1475 630 relinquatur
1493 573 1592 630 ipsis

121 644 195 682 aut
228 639 410 695 ipsorum
444 639 625 697 regibus.
697 639 845 695 Populi
885 639 1063 681 Romani
1100 640 1435 682 consuetudinem
1471 644 1592 682 vocat

122 704 290 747 Tacitus
323 710 370 747 ut
401 706 575 747 haberet
606 706 894 747 instrumenta
927 707 1148 747 servitutis
1178 714 1217 748 et
1244 721 1373 761 reyes.
1443 705 1591 747 Eidem
1610 718 1792 748 Amice-1⁴-

123 771 364 813 Antiochus
397 772 721 813 inservientium
757 786 904 825 reyuon
943 772 1218 813 ditissimus:
1252 770 1457 826 βασιλεῖς
1487 768 1592 814 Ῥω-
1612 781 1683 806 HM-
1698 781 1777 805 11-81·

121 836 254 888 μαίων
283 834 479 888 ὑπήκοοι,
509 836 579 878 2in
603 836 906 878 commentariis
935 836 988 878 de
1012 836 1230 879 Musonio:
1265 842 1308 879 et
1337 837 1448 893 apud
1478 837 1592 879 Stra·
1612 857 1743 887 ragam.

122 902 270 944 bouem
293 902 402 945 circa
425 903 545 944 finem
566 902 660 944 libri
684 902 802 944 sexti.
867 903 1068 955 Lucanus,
1612 930 1709 954 Pham,
1723 930 1769 954 vn.

365 988 488 1034 Atque
509 989 628 1023 omnis
648 980 773 1023 lLatio
795 999 877 1033 quae
898 988 1011 1023 servit
1032 1000 1198 1034 purpura
1217 988 1329 1024 ferro.
1610 962 1663 984 Μ’

122 1058 189 1100 Sic
221 1059 331 1114 apud
366 1059 536 1101 Judaeos
570 1058 721 1101 mansit
754 1065 963 1114 sceptrum
1000 1059 1042 1100 in
1080 1059 1301 1116 Synedrio‚
1338 1059 1462 1101 etiam
1498 1065 1592 1114 post

120 1123 449 1166 confiscationem
482 1124 688 1167 Archelai.
761 1124 980 1181 Evagoras
1008 1125 1142 1181 Cypri
1166 1139 1255 1174 reX,
1289 1130 1336 1167 ut
1358 1125 1469 1181 apud
1490 1125 1590 1166 Dio·
1610 1136 1761 1161 Lib-ma

119 1189 266 1231 dorum
290 1194 365 1239 est,
391 1189 555 1232 dicebat
578 1190 684 1231 velle
708 1204 751 1231 sc
773 1190 913 1231 Persae
944 1190 1124 1239 obedire,
1148 1191 1221 1232 sed
1244 1196 1290 1232 ut
1319 1205 1462 1247 regem
1485 1190 1588 1247 regi.

120 1253 179 1297 Et
199 1255 328 1297 Dario
353 1255 461 1297 victo
484 1255 701 1311 aliquoties
723 1256 829 1296 hanc
858 1255 1131 1297 conditionem
1155 1256 1317 1298 ferebat
1337 1256 1589 1308 Alexander,
1610 1269 1670 1295 Lib.
1682 1269 1799 1294 xviim.

119 1322 203 1362 mut
232 1321 320 1376 ipse
347 1321 574 1377 imperaret
599 1321 701 1371 aliis,
735 1326 902 1377 pareret
936 1321 1190 1363 Alexandro.
1260 1323 1349 1363 Nos
1377 1321 1430 1363 de
1460 1322 1591 1364 modis

119 1386 314 1428 miscendi
337 1386 500 1443 imperii
524 1386 700 1428 diximus
723 1386 832 1428 alibi.
895 1387 1149 1436 Quibusdam
1173 1401 1270 1443 pars
1291 1387 1410 1445 regni
1433 1388 1589 1437 relicta,
1611 1403 1671 1438 ω).
1686 1403 1733 1437 ῳ.
1750 1402 1811 1433 §iz

119 1452 226 1495 sicut
249 1452 457 1495 veteribus
482 1452 784 1508 possessoribus
807 1466 1004 1509 agrorum
1030 1467 1138 1508 pars.
1611 1433 1670 1458 ω’
1686 1434 1793 1457 ¹¹¹'8'3'

220 1518 273 1560 X.
345 1518 429 1560 Sed
461 1524 503 1560 et
531 1533 623 1559 cum
652 1532 772 1559 omne
803 1517 1020 1574 imperium
1050 1518 1170 1561 victis
1196 1518 1383 1574 eripitur,
1416 1519 1594 1575 relinqui

118 1655 291 1682 norassem,
314 1646 417 1684 reperi
435 1646 519 1675 forte
535 1646 620 1684 apud
639 1645 823 1682 STOBAEUM,
891 1647 925 1685 (a
945 1647 1119 1677 Clauclz'an.
1135 1648 1338 1677 Mamertino.
1353 1657 1380 1677 c.
1392 1647 1460 1685 10.)

120 1695 219 1724 Serm.
232 1695 307 1724 xlvi.
330 1704 405 1733 pag.
424 1695 491 1724 336.
517 1695 585 1724 init.
611 1696 664 1724 ubi
686 1696 824 1724 refertur
950 1703 973 1717 ¹¹¹
1001 1698 1043 1727 Ut
1068 1698 1133 1736 ipse
1156 1699 1323 1736 imperaret
1349 1699 1436 1734 aliis,
1465 1701 1596 1736 pareret

119 1746 250 1782 egregia
261 1744 362 1772 oratio
373 1744 514 1771 Musonii
528 1744 567 1771 ad
578 1744 701 1781 Regem
713 1753 823 1781 quem·
889 1747 1088 1786 Alexandro]
1113 1748 1207 1776 Tales
1227 1751 1260 1776 et
1281 1748 1355 1776 olim
1376 1748 1408 1775 in
1431 1748 1525 1776 Italia
1545 1757 1596 1776 re-

120 1794 192 1822 dam
216 1793 324 1831 Syriae.
364 1793 409 1821 Et
437 1793 580 1830 quamvis
608 1802 712 1830 neque
741 1794 821 1831 heic,
889 1806 946 1833 ges
968 1798 1026 1825 sub
1050 1798 1183 1826 aliorum
1208 1806 1320 1834 regum
1340 1797 1498 1835 imperiis:
1521 1798 1595 1826 Ser-

118 1852 176 1872 nec
190 1843 275 1878 alibi,
289 1843 320 1870 in
334 1842 396 1870 illis
413 1841 636 1875 Colleetaneis,
652 1843 737 1879 quod
752 1843 822 1880 qui-
889 1846 959 1875 vius
975 1847 1015 1875 ad
1031 1856 1066 1876 x,
1078 1847 1207 1877 AEneid.
1225 1848 1316 1884 (vers.
1329 1848 1410 1883 655.)
1445 1848 1495 1876 Sic
1510 1848 1596 1886 apud

118 1893 188 1920 dem
214 1891 320 1926 sciam,
345 1890 429 1918 dicta
451 1890 598 1925 Musonst,
621 1893 783 1928 tamquam
806 1901 822 1921 e
891 1896 1080 1934 AEgchylum
1109 1897 1221 1926 persis
1249 1898 1341 1936 (pag,
1362 1897 1429 1927 125⁴
1453 1897 1518 1926 Ed·
1547 1897 1594 1926 H·

120 1941 364 1971 Commentariis
377 1940 539 1975 Pollionis,
553 1940 740 1977 laudentur3
754 1951 821 1971 me·
891 1946 1032 1984 Ste]›lc.):

117 1991 181 2020 rito
204 1994 310 2019 tamen
333 1990 408 2018 inde
429 1989 532 2027 petita
554 1989 682 2027 COnjiCit
704 1994 820 2022 noster.
958 1996 1090 2024 Βασιλεῖς
1111 1997 1251 2028 βασιλέως
1267 1996 1368 2030 ὕποχοι
1386 1997 1520 2030 μεγάλου·

117 2041 154 2070 J.
170 2040 213 2070 B.
951 2040 1037 2070 Reges
1052 2041 1119 2071 regis
1135 2041 1226 2071 magni
1242 2041 1352 2065 subices.

179 2088 185 2110 ¹
217 2088 313 2118 Latio
336 2097 405 2127 quoe
428 2088 523 2116 servit
546 2098 693 2126 purpura
710 2090 819 2129 ferro]
891 2091 942 2121 Sic
966 2096 998 2121 et
1020 2094 1105 2131 apud
1129 2093 1260 2130 Turoas,
1289 2096 1372 2123 teste
1400 2093 1592 2123 Leunclavio

118 2139 202 2169 Vide
224 2138 455 2177 Panegyricum
480 2138 674 2167 Maximiano
702 2139 821 2169 dictum
887 2141 968 2171 libro
984 2151 1089 2172 xvin.

118 2323 202 2357 that
232 2335 334 2358 some
363 2324 553 2371 authority
578 2337 664 2371 may
694 2326 742 2361 be
768 2327 838 2361 left
868 2331 906 2362 to
936 2329 1051 2371 them,
1077 2341 1119 2364 οι·
1146 2330 1246 2364 their
1271 2330 1390 2374 kings.
1443 2330 1593 2364 Tacitus

118 2380 252 2425 speaks
279 2381 322 2414 of
344 2381 372 2415 it
403 2393 442 2416 as
468 2382 532 2416 the
563 2386 706 2416 custom
737 2383 778 2417 of
803 2383 868 2418 the
893 2385 1059 2421 Romans
1086 2392 1119 2420 to
1151 2388 1235 2420 have
1258 2387 1361 2431 Icinys
1391 2398 1431 2420 as
1461 2387 1513 2420 the
1535 2386 1591 2418 in-

118 2442 310 2470 struments
330 2439 378 2482 of
395 2439 484 2472 their
503 2439 601 2472 rulo:
634 2439 708 2472 and
730 2440 819 2474 calls
841 2441 1047 2477 Antiochus
1066 2444 1119 2477 the
1134 2444 1257 2477 richest
1278 2444 1325 2486 of
1334 2443 1459 2488 subject
1475 2442 1588 2486 lcinys.

119 2492 170 2526 So
188 2493 382 2527 Musonius
405 2491 457 2537 [in
477 2495 656 2536 Stobaeus,
675 2507 736 2530 see
753 2496 788 2530 J.
807 2497 881 2531 B.'s
898 2499 1013 2541 note]‚
1034 2499 1180 2540 Strabo,
1201 2500 1339 2532 Lucan.
1390 2499 1439 2531 So
1457 2509 1594 2543 among

118 2547 183 2582 the
201 2548 310 2588 Jews,
334 2549 398 2584 the
417 2554 562 2595 sceptre
582 2552 775 2586 remained
796 2553 834 2586 in
855 2553 919 2588 the
939 2555 1174 2597 Sanhedrim,
1187 2566 1280 2589 even
1301 2555 1399 2588 after
1418 2554 1483 2588 the
1504 2565 1592 2588 con·

117 2604 286 2638 fiscation
312 2605 355 2638 of
379 2605 589 2642 Archelaus.
643 2608 693 2642 So
723 2609 910 2654 Evagoras
938 2612 980 2645 of
1001 2612 1144 2657 Cyprus
1166 2623 1237 2646 was
1266 2611 1405 2655 willing
1434 2614 1474 2644 to
1496 2610 1593 2655 obey

117 2659 183 2694 the
207 2660 363 2695 Persian
387 2661 488 2706 king,
513 2674 552 2697 as
579 2674 650 2698 one
673 2664 764 2709 king
788 2666 957 2701 another.
1020 2668 1104 2701 And
1130 2668 1228 2702 after
1247 2668 1384 2701 Darius
1404 2677 1477 2700 was
1503 2677 1591 2700 con-

117 2717 268 2761 quered,
293 2717 354 2751 for
380 2729 481 2752 some
508 2719 598 2754 time
625 2719 837 2756 Alexander
862 2723 1002 2757 offered
1029 2724 1108 2757 him
1138 2724 1203 2758 the
1229 2723 1419 2758 condition
1440 2722 1522 2757 that
1542 2722 1590 2757 he

117 2773 252 2808 should
278 2784 417 2818 govern
447 2774 572 2810 others
601 2777 675 2810 and
704 2777 798 2823 obey
826 2778 1047 2813 Alexander.
1100 2780 1169 2814 We
1201 2779 1294 2813 have
1325 2779 1465 2824 spoken
1494 2779 1588 2813 else-

117 2829 242 2864 where
263 2830 306 2864 of
322 2831 444 2865 mixed
462 2833 613 2877 empire.
656 2833 702 2866 In
722 2845 825 2868 some
849 2846 961 2876 cases,
979 2846 1001 2869 a
1021 2839 1106 2881 part
1126 2836 1169 2870 of
1184 2836 1248 2870 the
1270 2836 1447 2880 kingdom
1469 2836 1498 2869 is
1519 2835 1588 2870 left

118 2890 158 2920 to
179 2885 246 2920 the
267 2887 508 2931 vanquished,
526 2900 564 2923 as
582 2900 604 2923 a
621 2893 705 2935 part
726 2891 768 2924 of
782 2890 846 2925 the
863 2891 969 2926 lands
989 2895 1028 2926 to
1050 2892 1114 2926 the
1135 2893 1197 2926 old
1217 2903 1434 2938 possessors.

187 2943 237 2977 X.
288 2943 392 2979 Even
417 2944 524 2980 when
552 2946 603 2981 all
625 2946 816 2995 authority
836 2947 865 2983 is
886 2948 1000 2983 taken
1027 2948 1123 2985 from
1149 2949 1213 2985 the
1234 2948 1475 2995 vanquished,
1498 2947 1588 2994 they
