1971 3326
151 231 240 266 OAP.
259 232 326 267 IX.
332 230 346 275 ]
656 235 725 269 DE
756 234 1107 272 PosrmMINIo.
1542 227 1622 271 179

150 339 241 396 quis
264 341 317 383 ab
342 341 528 385 hostibus
552 347 696 399 captus
725 349 832 386 esset
864 344 996 386 ³bona
1027 344 1114 402 ejus
1138 344 1279 387 futura
1307 343 1481 386 fuissent
1502 358 1620 386 occu-

149 407 349 463 pantium,
376 409 472 464 quia
496 408 565 465 qui
588 409 700 465 apud
727 410 867 453 hostes
899 416 973 460 est,
999 425 1074 468 pro
1100 411 1211 453 nullo
1235 410 1429 453 habetur.
1496 411 1619 461 Quod

148 473 183 515 si
219 474 288 530 qui
320 481 464 531 captus
496 476 634 517 fuerat
669 476 837 526 rediret,
880 477 982 518 nihil
1022 477 1227 534 reciperet
1261 483 1414 534 praeter
1448 492 1496 519 ea
1524 492 1618 533 quae

141 539 240 595 jure
275 541 460 598 gentium
495 541 787 598 postliminium
824 543 990 587 habent.
1064 544 1185 595 Quod
1221 558 1320 586 vero
1360 543 1618 599 captivorum

147 606 256 649 bona
279 608 374 650 fisco
400 608 552 651 cedunt
579 608 613 651 si
645 608 767 650 heres
795 610 930 651 nullus
953 610 1019 659 sit,
1052 625 1105 652 ex
1129 610 1225 666 jure
1258 609 1423 666 speciali
1447 615 1510 652 est
1534 611 1618 652 Ro·
1637 628 1669 652 L.
1680 627 1719 651 31.
1735 628 1769 652 D.
1783 629 1816 653 de

1628 659 1772 688 juo-efisci.
1787 660 1804 683 l.

145 687 278 716 mano.
349 675 537 718 Vidimus
572 675 624 717 de
655 674 719 716 his
753 675 824 731 qui
858 676 1060 719 redeunt:
1098 677 1312 719 videamus
1344 677 1397 719 de
1428 676 1493 718 his
1524 691 1617 733 quae
1636 689 1703 750 {gp}
1718 690 1738 714 1.
1753 690 1787 714 1).
1801 690 1835 714 de

144 739 412 796 recipiuntur.
1703 740 1708 744 ⁴

240 808 318 849 XI.
384 810 408 850 1
457 808 574 848 Inter
605 806 695 849 haec
729 812 825 850 sunt
852 807 1031 864 primum
1063 808 1174 850 servi
1206 813 1248 851 et
1271 809 1443 858 ancillae,
1469 806 1616 852 tetiam

145 886 256 928 saepe
280 872 459 923 alienati,
485 872 637 915 uetiam
668 874 721 916 ab
750 874 869 916 hoste
901 873 1164 917 manumissi:
1202 874 1298 931 quia
1322 875 1501 917 hostium
1519 875 1616 931 jure

145 939 405 982 manumissio
438 940 581 982 obesse
612 939 691 982 civi
725 946 866 983 nostro
896 940 1005 983 servi
1040 940 1204 982 domino
1239 956 1322 982 non
1359 942 1519 997 potuit:
1570 947 1616 983 ut

145 1005 250 1047 bene
273 1012 391 1049 notat
429 1005 738 1063 Tryphoninus.
811 1007 895 1050 Sed
927 1012 974 1049 ut
1006 1021 1150 1049 servus
1183 1007 1421 1064 recipiatur,
1450 1022 1615 1050 necesse
1635 1021 1797 1051 umbella,

1634 1053 1670 1076 12.
1687 1053 1699 1082 ,ἑξ
1710 1059 1808 1077 manu<

144 1076 209 1113 est
232 1078 278 1114 ut
300 1077 372 1114 aut
396 1087 546 1115 revera
576 1074 780 1115 habeatur
804 1087 829 1114 a
853 1079 996 1116 vetere
1028 1073 1206 1123 domino,
1231 1079 1303 1116 aut
1327 1074 1473 1116 haberi
1496 1074 1614 1116 facile
1633 1083 1811 1145 ffssfflgfflj

143 1137 283 1193 possit.
357 1139 498 1188 Quare
522 1154 612 1180 cum
637 1139 679 1180 in
703 1140 827 1181 rebus
855 1140 945 1182 aliis
971 1139 1142 1182 sufficiat
1166 1155 1235 1182 eas
1266 1140 1377 1183 intra
1401 1141 1501 1182 fines
1526 1155 1615 1183 esse

143 1203 378 1259 perductas,
409 1205 463 1246 ad
493 1205 730 1261 postliminii
761 1205 828 1261 jus
863 1206 906 1247 in
941 1220 1061 1247 servo
1094 1206 1137 1248 id
1172 1221 1254 1248 non
1282 1206 1363 1249 erit
1392 1207 1503 1257 satis,
1537 1207 1614 1248 nisi

144 1275 186 1311 et
209 1276 505 1328 cognoscatur:
544 1285 638 1312 nam
661 1271 731 1327 qui
754 1272 796 1313 in
820 1273 923 1314 urbe
947 1273 1082 1313 Roma
1106 1278 1168 1314 est
1192 1272 1250 1315 ita
1273 1279 1319 1314 ut
1341 1273 1483 1322 lateat,
1512 1288 1614 1314 non-

143 1335 241 1377 dum
264 1342 455 1392 receptus
485 1337 615 1378 Paulo
639 1337 816 1386 videtur.
888 1338 949 1380 Ac
986 1337 1089 1380 sicut
1119 1339 1198 1380 hac
1221 1339 1263 1380 in
1296 1345 1416 1395 parte
1439 1354 1465 1381 a
1488 1340 1613 1381 rebus
1632 1348 1726 1409 {gl-2532&
1743 1349 1820 1373 D-de

142 1401 330 1444 inanimis
351 1403 478 1445 distat
501 1417 657 1452 servus,
678 1403 737 1445 ita
758 1404 934 1446 vicissim
958 1419 983 1446 a
1006 1403 1136 1446 libero
1155 1405 1319 1447 homine
1337 1405 1379 1446 in
1403 1420 1451 1447 eo
1473 1406 1612 1456 distat,

142 1469 253 1523 quod
288 1474 335 1511 ut
366 1469 614 1526 postliminio
646 1469 870 1526 recipiatur
911 1485 993 1512 non
1030 1470 1258 1526 requiritur
1294 1477 1341 1513 ut
1377 1472 1513 1514 animo
1548 1487 1615 1514 res

140 1540 303 1577 nostras
326 1536 524 1592 sequendi
547 1536 722 1579 venerit.
794 1537 844 1579 Id
868 1537 976 1579 enim
999 1536 1042 1577 in
1065 1551 1113 1578 6ο
1137 1537 1365 1593 requiritur
1388 1538 1458 1594 qui
1483 1553 1526 1580 se
1550 1553 1616 1580 re-

141 1607 336 1657 cepturus
371 1608 446 1651 est,
471 1617 553 1644 non
588 1602 630 1644 in
666 1617 714 1644 eo
747 1602 817 1659 qui
851 1604 904 1646 ab
940 1603 1072 1645 altero
1108 1603 1161 1645 sit
1192 1603 1462 1660 recipiendus,
1491 1610 1533 1646 et
1568 1610 1615 1647 ut

144 1667 322 1710 Sabinus
368 1668 544 1724 scripsit,
590 1671 642 1711 de
687 1685 770 1711 sua
808 1685 896 1725 qua
931 1671 1109 1712 civitate
1144 1671 1295 1723 cuique
1325 1672 1613 1713 constituendi
1631 1676 1738 1731 §53¹2
1760 1675 1808 1706 §9-

129 1735 336 1788 facultas
362 1736 500 1777 libera
524 1743 596 1784 est,
625 1751 710 1777 ozon
733 1737 785 1777 de
809 1738 995 1777 dominii
1007 1737 1120 1790 jure.

244 1802 270 1841 2
318 1801 414 1842 Non
433 1800 595 1857 excepit
619 1801 671 1842 ab
696 1801 773 1842 hoc
798 1801 984 1858 gentium
1003 1801 1100 1856 jure
1124 1816 1266 1843 servos
1286 1801 1526 1860 transfugas
1546 1801 1614 1844 lex

139 1919 227 1948 tlzz'ca
254 1918 446 1956 mancipium
474 1917 560 1947 bello
592 1921 757 1956 receptum
786 1919 843 1948 do·
911 1919 1036 1948 mentis.
1070 1919 1141 1949 Lib.
1158 1927 1191 1949 v.
1207 1919 1256 1948 tit.
1271 1919 1311 1950 iv.
1327 1921 1376 1949 21.

139 1968 226 1996 mino
250 1968 405 2003 redditur,
428 1967 454 1996 is
479 1968 533 2005 qui
558 1968 688 2006 recepit,
715 1969 842 1998 tertiam
971 1975 986 1990 ¹¹
1007 1970 1118 1999 Etiam
1141 1970 1181 1999 ab
1206 1971 1291 1999 hoste
1310 1969 1506 2008 manumissi]
1535 1970 1580 2000 Ut
1596 1980 1615 1999 a

139 2019 262 2054 partem
278 2016 394 2054 accipit
410 2017 490 2054 justi
505 2017 609 2054 pretii.
653 2017 686 2046 Si
707 2018 747 2046 ab
769 2019 843 2047 hos-
911 2020 1109 2057 Mithridate,
1133 2021 1187 2059 qui
1209 2021 1341 2050 retracti
1362 2020 1394 2048 in
1419 2022 1616 2051 servitutem.

139 2067 225 2095 tibus
253 2066 415 2094 venditum
440 2070 604 2105 receptum
631 2067 738 2104 fuerit,
759 2069 843 2098 redit
911 2070 1080 2108 Appianus
1102 2071 1331 2108 Mithridatico,
1351 2071 1441 2110 (pag.
1458 2072 1527 2100 211.
1549 2071 1615 2101 Ed.

138 2115 179 2143 ad
195 2115 357 2144 dominum
381 2116 484 2153 pretio
505 2116 630 2145 reddito
645 2119 677 2146 et
693 2118 840 2146 meliora·
910 2120 958 2149 H.
974 2120 1101 2160 Steplz.)

139 2280 220 2315 The
237 2281 476 2317 confiscation
495 2283 538 2317 of
558 2283 623 2319 the
647 2288 825 2332 property
846 2286 890 2321 of
906 2287 1081 2334 captives,
1111 2288 1145 2322 if
1169 2287 1277 2323 there
1301 2289 1331 2323 is
1352 2299 1401 2324 no
1433 2288 1525 2330 heir,
1545 2289 1573 2324 is
1591 2300 1614 2324 a

138 2339 276 2384 special
298 2339 446 2374 Roman
467 2340 548 2375 law„

215 2396 264 2430 So
290 2396 402 2431 much
428 2397 472 2432 of
492 2398 600 2433 those
620 2409 773 2444 persons
797 2399 879 2435 who
903 2404 1054 2438 returnx
1085 2413 1169 2438 now
1189 2403 1233 2438 of
1252 2403 1318 2438 the
1345 2402 1470 2449 things
1491 2402 1612 2438 which

138 2463 202 2487 are
222 2454 434 2488 recovered.

209 2510 280 2544 XI.
334 2514 351 2544 1
387 2511 488 2546 Such
515 2523 580 2547 are
607 2524 694 2548 men
720 2513 793 2548 and
825 2525 968 2550 women
995 2517 1124 2559 slaves,
1145 2528 1238 2552 even
1266 2516 1375 2551 when
1395 2516 1613 2562 repeatedly

139 2566 339 2608 alienated,
360 2578 403 2601 or
422 2570 671 2604 manumitted
688 2571 737 2616 by
750 2571 814 2605 the
827 2583 961 2619 enemy
975 2587 982 2608 :
1010 2574 1070 2608 for
1085 2574 1175 2608 such
1191 2574 1457 2608 manumission
1474 2577 1612 2608 cannot

139 2623 329 2668 prejudice
346 2624 410 2658 the
424 2625 523 2670 right
539 2626 582 2660 of
594 2626 658 2661 the
674 2628 804 2662 citizen
818 2640 952 2664 owner.
991 2632 1067 2665 But
1082 2631 1165 2665 that
1182 2643 1203 2665 a
1220 2631 1318 2665 slave
1336 2631 1383 2665 be
1399 2631 1610 2671 recovered,

139 2680 187 2714 he
205 2684 303 2714 must
320 2681 366 2715 be
391 2681 430 2715 in
455 2693 478 2715 a
504 2683 695 2718 condition
720 2688 759 2719 to
783 2686 831 2720 be
856 2691 922 2732 got
946 2691 986 2722 at
1010 2688 1060 2734 by
1084 2688 1142 2723 his
1162 2692 1320 2728 master3
1345 2691 1412 2721 not
1437 2687 1524 2733 only
1549 2699 1607 2722 re-

139 2737 276 2772 turned
298 2738 427 2772 within
453 2739 518 2774 the
546 2741 698 2786 empire,
726 2742 796 2777 but
814 2743 950 2778 known
977 2745 1038 2786 ofg
1069 2745 1099 2779 it
1127 2746 1157 2779 is
1178 2749 1244 2779 not
1266 2743 1413 2789 enough
1440 2745 1472 2778 if
1495 2744 1542 2779 he
1562 2745 1610 2779 be

138 2794 279 2829 hidden
299 2796 337 2829 in
354 2796 486 2832 Rome.
539 2797 622 2832 And
640 2810 679 2833 as
697 2810 719 2833 a
736 2799 834 2834 slave
851 2801 888 2834 in
906 2801 979 2835 this
997 2801 1122 2836 differs
1139 2801 1237 2836 from
1253 2802 1456 2836 inanimate
1473 2801 1609 2847 things,

139 2852 177 2886 in
206 2852 365 2887 another
387 2854 494 2899 point
514 2854 561 2889 he
583 2855 707 2891 differs
735 2857 833 2891 from
854 2868 876 2891 a
901 2857 981 2893 free
1003 2870 1113 2900 man3
1149 2859 1179 2893 it
1199 2859 1230 2893 is
1255 2863 1321 2894 not
1342 2870 1536 2906 necessary
1560 2859 1609 2894 he

139 2909 272 2944 should
296 2910 390 2945 have
411 2923 516 2947 come
538 2912 624 2947 with
647 2925 669 2948 a
685 2914 776 2948 view
797 2914 840 2948 of
852 2915 998 2961 staying
1018 2915 1106 2950 with
1127 2927 1181 2951 us.

213 2971 234 3000 2
265 2968 456 3015 Runaway
480 2970 597 3005 slaves
617 2982 680 3007 are
705 2976 772 3007 not
798 2973 979 3018 excepted
1003 2973 1101 3008 from
1132 2973 1205 3009 this
1226 2973 1319 3009 rule.
1382 2973 1462 3008 The
1484 2984 1608 3008 owner

1323 3047 1345 3086 1
1354 3046 1472 3086 2—2
