1971 3326
127 861 167 886 De
178 861 239 890 Cyr.
252 861 320 885 Insl.

124 892 151 916 i1.
165 893 188 916 4.
205 891 215 923 5
228 892 267 916 19.

344 204 396 245 62
542 210 610 245 DE
641 209 806 245 BELLO
837 207 996 244 JUSTO
1029 207 1143 242 SIVE
1176 207 1400 242 SOLENNI
1429 207 1561 243 JURE
1620 207 1715 252 [LIB.
1735 205 1806 240 111.

342 321 608 380 pugnandam
638 319 754 377 prius
787 318 840 361 ad
874 332 1014 374 pacem
1040 316 1288 359 invitarent:
1323 315 1433 373 quod
1461 330 1552 357 cum
1575 314 1808 372 specialiter

341 389 401 430 illi
425 388 576 445 populo
600 387 743 430 datum
776 386 841 435 sit,
868 384 973 426 male
997 397 1022 425 a
1045 382 1249 424 nonnullis
1273 396 1364 423 cum
1388 381 1484 437 jure
1507 382 1691 439 gentium
1716 396 1809 423 con-

341 455 540 497 funditur.
611 455 758 508 Neque
791 451 897 494 enim
930 454 1021 491 erat
1055 448 1125 490 illa
1157 447 1463 504 qualiscumque
1498 462 1592 504 pax,
1629 448 1702 490 sed
1733 448 1809 490 sub

341 521 436 579 lege
463 518 723 576 subjectionis
759 523 801 560 et
831 515 987 559 tributi.
1055 515 1192 572 Cyrus
1223 529 1315 556 cum
1348 514 1392 555 in
1418 514 1629 572 regionem
1663 514 1810 556 Arme-

343 587 504 629 niorum
527 584 795 642 pervenisset,
820 588 1041 638 antequam
1066 586 1234 623 noceret
1255 580 1442 637 cuipiam,
1462 580 1571 623 misit
1591 579 1645 622 ad
1666 594 1810 637 regem

342 653 414 708 qui
438 652 622 694 debitum
655 666 707 693 ex
737 650 881 692 federe
910 648 1112 692 tributum
1145 653 1188 690 et
1217 647 1387 690 militem
1418 647 1660 704 exigerent:
1697 647 1810 696 νομί-

345 716 428 780 ζων
461 715 753 780 φιλικώτερον
798 718 903 761 εἶναι
952 712 1102 765 οὕτως,
1139 710 1164 767 ἢ
1198 712 1254 767 μή
1292 710 1563 774 προειπόντα
1601 710 1810 774 πορεύεσ-

344 787 430 836 θαι,
466 787 698 827 humanius
732 786 782 826 id
819 784 1072 826 existimant
1103 796 1235 837 quam
1266 782 1306 823 si
1339 782 1457 823 ultra
1493 782 1664 823 duceret
1697 780 1814 821 nihil

336 853 596 909 praedieens,
634 856 681 893 ut
711 850 754 892 in
798 865 847 892 ea
882 847 1055 891 historia
1092 847 1323 903 Xenophon
1354 846 1547 902 loquitur.
1615 847 1810 888 Ceterum

338 919 434 975 jure
458 918 643 976 gentium
675 917 730 959 ad
762 917 930 959 effectus
964 914 1054 956 illos
1086 913 1312 970 peculiares
1343 913 1529 955 omnibus
1563 912 1723 954 casibus
1746 926 1812 954 re-

343 985 519 1042 quiritur
543 983 810 1033 denuntiatio,
833 997 915 1024 non
938 980 1145 1037 utrinque,
1170 980 1243 1022 sed
1266 980 1319 1022 ab
1343 979 1474 1022 altera
1498 978 1677 1035 partium
1686 980 1714 1020 ⁵.

443 1052 542 1096 VII.
602 1053 626 1093 1
676 1050 758 1093 Sed
793 1050 881 1091 haec
913 1046 1169 1091 denuntiatio
1203 1051 1277 1088 aut
1309 1045 1587 1088 conditionata
1618 1050 1692 1095 est,
1735 1050 1808 1088 aut

342 1133 460 1175 pura.
521 1116 821 1166 Conditionata,
847 1115 917 1157 ubi
952 1129 1042 1157 cum
1078 1127 1219 1155 rerum
1254 1111 1500 1169 repetitione
1534 1111 1809 1169 conjungitur.

343 1187 526 1227 ⁰Rerum
547 1190 685 1227 autem
708 1182 978 1239 repetitarum
1003 1179 1166 1221 nomine
1184 1179 1254 1234 jus
1277 1178 1419 1220 feciale
1437 1178 1812 1234 comprehendebat

343 1266 425 1294 non
448 1256 609 1293 tantum
640 1248 956 1292 vindicationem
988 1262 1039 1289 ex
1061 1246 1157 1301 jure
1187 1244 1367 1294 dominii,
1402 1245 1474 1287 sed
1499 1250 1540 1286 et
1562 1243 1811 1300 persecutio-

342 1333 436 1360 nem
460 1318 558 1373 ejuS,
585 1317 695 1373 quod
728 1331 779 1358 ex
811 1329 932 1357 causa
961 1313 1069 1356 civili
1101 1318 1174 1354 aut
1201 1311 1381 1353 criminis
1411 1311 1598 1360 debetur,
1627 1315 1673 1352 ut
1695 1316 1810 1352 recte

343 1384 521 1440 explicat
544 1383 753 1425 l'Servius
825 1381 928 1423 Inde
962 1379 1063 1421 illud
1099 1378 1142 1420 in
1176 1377 1374 1427 formulis,
1412 1379 1552 1427 reddi,
1589 1378 1807 1431 satisfieri,

342 1453 445 1494 dedi
460 1469 474 1499 ‚·
509 1450 578 1492 ubi
602 1451 715 1498 dedi,
742 1454 787 1490 ut
811 1447 907 1490 alibi
932 1446 1120 1494 diximus,
1146 1444 1459 1502 intelligendum
1484 1449 1559 1493 cst,
1585 1443 1627 1485 ni
1661 1443 1809 1500 punire

342 1523 501 1560 sontem
526 1516 670 1558 malint
703 1515 781 1572 ipsi
814 1514 884 1571 qui
911 1511 1223 1556 conveniuntur.
1294 1511 1414 1552 Hanc
1437 1525 1576 1552 rerum
1600 1509 1810 1567 repetitio-

1108 1614 1258 1643 Parutam
1277 1613 1314 1642 de
1329 1613 1420 1642 Bello
1439 1612 1556 1651 Cyprio
1577 1613 1646 1642 Lib.
1659 1623 1681 1642 1.
1716 1612 1809 1641 Biza-

1107 1672 1176 1691 rum
1202 1662 1271 1692 Lib.
1287 1671 1393 1691 xxm.
1419 1663 1457 1691 de
1479 1662 1598 1692 Turcis.
1634 1662 1807 1701 Reinking.

401 1619 414 1636 ⁵
436 1618 521 1653 Quid
536 1618 571 1654 si,
594 1626 657 1646 non
675 1616 794 1645 indicto
810 1616 906 1652 bello,
927 1616 1042 1654 aliquis

339 1678 428 1698 arma
441 1668 540 1696 movit
554 1667 702 1696 adversus
714 1666 860 1703 alterum,
874 1669 906 1695 et
922 1665 964 1694 sie
979 1665 1040 1701 isti,

339 1720 395 1758 qui
410 1728 477 1748 sese
492 1718 661 1747 defendere
681 1717 819 1761 cogitur,
836 1726 897 1745 non
912 1716 1042 1754 reliquit

339 1770 444 1799 locum
467 1779 503 1798 ac
525 1772 654 1806 tenipus
682 1768 758 1796 belli
786 1767 970 1797 indicendi?
1000 1776 1040 1795 an

337 1817 403 1846 tale
417 1817 535 1845 belluni
556 1816 626 1845 ideo
644 1815 781 1844 minores
796 1814 936 1850 effectus,
959 1813 1040 1842 Jure

337 1867 492 1905 gentium,
507 1867 658 1895 habebit?
700 1865 825 1894 Deinde
841 1865 971 1894 effectus
985 1864 1040 1900 illi,

338 1918 458 1946 scilieet
471 1916 653 1955 impunitas,
668 1919 700 1945 et
711 1916 765 1954 jus
779 1915 863 1944 bello
880 1918 972 1952 capta
983 1924 1039 1952 pro

339 1966 403 1996 suis
416 1965 584 2001 retinendi,
602 1974 659 1993 nec
675 1974 713 1993 ex
728 1964 908 1999 indictione,
929 1973 986 1991 nec
1002 1972 1040 1992 ex

338 2016 418 2045 Jure
440 2015 577 2053 quodam
601 2013 753 2042 Gentium
775 2011 954 2041 voluntario
977 2011 1039 2040 ori-

1106 1712 1177 1742 Lib.
1191 1721 1228 1741 11.
1246 1712 1344 1742 classe
1354 1712 1396 1741 iii.
1412 1721 1482 1750 cap.
1494 1714 1523 1742 4.

1167 1768 1182 1789 ν
1206 1761 1348 1801 Servius]
1382 1763 1435 1792 Ad
1459 1771 1494 1792 X.
1517 1761 1681 1792 ,Έηείᾱοὸη
1707 1762 1806 1801 (vers.

1107 1813 1174 1851 14.)

1165 1868 1179 1890 ‘1
1200 1862 1342 1900 Plinius]
1364 1863 1460 1891 Libro
1476 1871 1568 1891 xxu.
1582 1864 1610 1891 2.
1651 1862 1696 1891 Et
1711 1863 1807 1901 leqati

1107 1923 1174 1943 cum
1197 1914 1241 1943 ad
1264 1915 1364 1942 hostes
1391 1913 1580 1951 clariqatum
1606 1912 1807 1950 mitterentur,

1106 1962 1142 1991 id
1154 1966 1206 1999 est,
1228 1972 1278 1992 res
1300 1966 1412 2001 raptas
1433 1962 1517 1991 clare
1536 1963 1708 2000 repetitum,
1729 1973 1808 1992 unus

1105 2012 1210 2050 utiquc
1240 2012 1446 2041 Verbenarius
1469 2012 1651 2041 vocabatur.
1695 2011 1741 2041 Et
1769 2013 1808 2042 de

339 2066 436 2092 untur
449 2073 457 2099 3
479 2064 515 2090 ut
530 2070 586 2089 suo
601 2061 670 2089 loco
686 2059 881 2088 ostendimus
896 2059 927 2087 in
946 2058 1040 2087 Notis

338 2113 455 2143 nostris
470 2111 610 2141 Gallicis.
652 2111 690 2140 J.
706 2111 748 2139 B.

397 2168 412 2183 0
432 2162 550 2191 Rerum
571 2161 773 2199 repetitarmn
794 2157 928 2197 nomine]
959 2158 1040 2188 Vide

1106 2062 1255 2091 Vei-bena
1272 2071 1370 2100 agens
1390 2062 1470 2090 libro
1488 2071 1571 2091 xxxi.
1590 2062 1618 2092 9.
1663 2062 1744 2092 Hoec
1764 2065 1808 2092 est

1106 2121 1198 2149 quam
1220 2112 1338 2150 legyatos
1348 2111 1442 2149 ferre
1465 2111 1509 2139 ad
1528 2112 1629 2140 hostes
1651 2111 1808 2141 indicavi-

1106 2170 1184 2191 mus.
1219 2160 1301 2190 Vide
1318 2160 1459 2189 Servium
1474 2161 1514 2189 ad
1530 2169 1568 2189 lx
1583 2163 1616 2190 et
1627 2169 1662 2190 x.
1676 2161 1806 2191 AEneid.

339 2305 503 2351 wrongly
524 2305 574 2351 by
594 2315 696 2339 some
717 2303 956 2339 confounded
975 2303 1061 2338 with
1082 2304 1146 2338 the
1167 2304 1254 2338 Law
1275 2302 1317 2337 of
1333 2302 1504 2337 Nations.
1548 2301 1677 2346 Cyrus,
1697 2300 1805 2335 when

339 2363 388 2398 he
405 2362 479 2397 had
500 2373 605 2397 come
635 2362 715 2395 into
743 2361 807 2395 the
834 2365 991 2406 country
1017 2361 1060 2394 of
1084 2360 1148 2394 the
1179 2360 1410 2400 Armenians,
1431 2359 1558 2392 before
1579 2358 1626 2392 he
1648 2357 1710 2391 did
1731 2368 1805 2403 any

339 2420 447 2455 harm
471 2423 511 2454 to
536 2430 610 2464 any
635 2429 716 2457 one,
744 2421 826 2452 sent
852 2428 1004 2463 persons
1025 2421 1064 2451 to
1092 2417 1156 2452 the
1173 2417 1262 2462 king
1284 2420 1323 2451 to
1351 2416 1417 2450 ask
1437 2415 1496 2449 for
1516 2414 1580 2449 the
1602 2414 1805 2460 appointed

340 2477 481 2512 tributo
508 2476 582 2510 and
611 2475 785 2516 soldier53
812 2475 973 2519 thinkiozy
1002 2475 1078 2508 that
1104 2486 1199 2508 more
1225 2475 1376 2508 humane
1404 2473 1490 2507 than
1511 2478 1544 2506 to
1564 2473 1688 2506 march
1708 2483 1806 2517 upon

341 2535 414 2568 him
434 2534 579 2568 without
600 2532 719 2574 notice,
741 2543 780 2566 as
800 2531 1014 2577 Xenophon
1035 2542 1116 2577 says
1138 2532 1176 2565 in
1197 2531 1261 2565 the
1284 2530 1511 2576 Cyropoedz'a.
1574 2530 1649 2563 But
1669 2529 1719 2574 by
1740 2528 1805 2563 the

340 2592 428 2626 Law
449 2591 492 2625 of
508 2590 678 2631 Nations,
699 2601 721 2624 a
741 2588 969 2623 declaration
990 2588 1033 2622 of
1048 2600 1123 2622 war
1143 2588 1172 2622 is
1194 2588 1370 2633 requisite
1396 2588 1434 2621 in
1455 2587 1506 2620 all
1527 2597 1628 2621 cases
1657 2589 1696 2620 to
1722 2586 1805 2631 give

341 2649 511 2683 occasion
528 2647 588 2682 for
608 2647 712 2682 these
733 2646 898 2692 peculiar
915 2645 1064 2687 effects3
1090 2649 1156 2680 not
1177 2656 1225 2680 on
1246 2645 1338 2679 both
1358 2644 1466 2684 sides,
1486 2643 1554 2678 but
1575 2655 1624 2678 on
1646 2653 1728 2677 one.

413 2706 498 2740 VII.
563 2708 581 2739 1
623 2705 699 2739 But
730 2703 821 2738 such
857 2715 880 2737 a
909 2702 1137 2737 declaration
1166 2703 1195 2737 is
1228 2702 1347 2736 either
1374 2700 1602 2735 conditional
1625 2710 1667 2733 or
1687 2710 1804 2744 pure3

341 2762 580 2803 conditional,
599 2761 706 2796 when
722 2761 751 2795 it
765 2761 795 2795 is
815 2760 1011 2805 conjoined
1029 2760 1116 2793 with
1137 2771 1159 2793 a
1180 2759 1341 2794 demand
1361 2760 1420 2792 for
1439 2757 1503 2792 the
1523 2756 1745 2790 restoration
1766 2755 1809 2790 of

341 2819 405 2854 the
432 2819 555 2864 things
590 2819 629 2852 in
659 2819 841 2864 question.
891 2818 966 2851 But
1002 2817 1121 2851 under
1153 2816 1218 2851 the
1254 2815 1415 2850 demand
1445 2813 1487 2848 of
1514 2813 1737 2848 restoration
1764 2812 1808 2847 of

341 2876 477 2920 things,
497 2875 561 2910 the
578 2876 703 2910 Fecial
728 2876 815 2909 Law
836 2873 1136 2920 comprehended
1156 2877 1223 2908 not
1244 2873 1331 2918 only
1351 2870 1529 2905 demands
1549 2870 1598 2915 by
1619 2869 1683 2904 the
1703 2869 1804 2915 right

342 2932 386 2967 of
401 2931 618 2976 ownership,
639 2932 707 2966 but
727 2932 805 2966 also
826 2931 890 2966 the
916 2931 1129 2977 promotion
1150 2931 1194 2965 of
1217 2929 1397 2975 anything
1417 2927 1535 2962 which
1557 2938 1630 2961 was
1651 2926 1723 2960 due
1742 2926 1803 2961 for

342 2989 427 3025 civil
447 2989 572 3024 claims
594 2999 636 3022 Or
656 2989 824 3023 criminal
844 2993 921 3023 acts
933 3001 943 3029 3
967 2999 1007 3023 as
1025 2988 1173 3023 Servius
1193 2986 1332 3032 rightly
1351 2985 1527 3031 explains.
1588 2984 1718 3019 Hence
1737 2983 1803 3018 the
