1971 3326
136 414 200 469 Il'sag'
209 414 253 441 371
269 420 295 439 D.

166 448 193 471 tt.
209 446 295 471 Flam.

135 945 194 970 Lib.
209 945 243 971 iv.
256 947 278 970 3.

135 982 161 1001 n.
177 977 212 1001 14.

136 1276 194 1300 Lib.
208 1275 281 1300 xxvi.
296 1276 333 1301 38.

136 1677 223 1707 AEgid.
237 1677 302 1708 Reg.

136 1709 169 1731 (Ie
180 1710 230 1732 acl.
244 1716 303 1737 sup.

135 1739 205 1768 disp.
217 1740 253 1763 31.
265 1740 326 1763 dub.

136 1769 158 1797 7.
173 1776 247 1794 num.
263 1771 314 1798 127.

358 158 443 198 246
519 165 990 202 TEMPERAMENTUM
1021 165 1172 201 OIRCA
1201 165 1571 203 VASTATIONEM
1638 164 1734 214 [LIB.
1752 168 1823 204 111.

358 288 483 324 aenus,
522 290 727 330 rna-qnam
770 276 826 316 ab
866 276 1055 317 hostibus
1088 276 1199 330 ipsis
1234 277 1562 319 benevolentiam
1600 280 1822 334 captabat.

356 337 444 383 tDe
484 341 652 392 Quintio
683 345 726 383 et
761 340 831 396 qui
865 355 956 382 cum
992 355 1040 382 eo
1071 346 1192 384 erant
1226 342 1423 384 Romanis
1454 342 1702 386 Plutarchus
1734 359 1827 387 eum

356 422 449 464 quae
490 421 615 463 supra
655 405 831 448 diximus
868 412 1237 457 commemorasset,
1272 408 1415 451 addit:
1449 409 1577 463 hujus
1612 412 1827 454 modestiae

356 489 444 516 non
467 475 600 515 multo
614 481 716 528 post
726 473 938 527 fructum
962 475 1120 530 cepisse
1133 490 1149 523 ;
1173 490 1277 516 nam
1297 484 1345 517 ut
1368 476 1416 517 in
1443 477 1718 519 Thessaliam
1729 492 1828 532 per-

355 546 522 583 ventum
546 548 620 589 est,
646 540 889 594 defecerunt
912 541 974 581 ad
995 555 1089 583 eum
1113 543 1244 583 urbes.
1290 543 1404 584 Tum
1426 557 1523 584 vero
1547 550 1586 585 et
1610 544 1685 596 qui
1707 544 1828 585 intra

364 606 678 661 Thermopylas
708 606 967 648 habitabant
1005 608 1153 650 Groeci
1180 609 1407 657 Quintium
1436 610 1688 651 ardentibus
1717 611 1830 652 votis

356 674 693 715 desiderabant:
742 673 894 714 Aehcei
933 688 1042 725 vero,
1081 676 1334 717 renuntiata
1374 676 1576 731 Philippi
1611 676 1827 726 amicitia,

355 740 597 782 societatem
630 740 838 782 adversus
866 754 960 781 eum
990 755 1086 782 eum
1116 742 1329 784 Romanis
1354 742 1559 784 inierunt.
1633 740 1701 784 De
1729 741 1829 783 Lin-

355 821 509 863 gonum
533 805 699 848 civitate
717 820 810 860 quae
835 805 954 855 bello,
980 807 1091 862 quod
1109 807 1234 850 ductu
1254 807 1448 858 Cerealis,
1473 807 1664 864 auspiciis
1687 813 1829 851 autem

355 871 595 922 Domitiani,
626 871 669 913 in
695 871 868 914 Civilem
893 873 1099 915 Batavum
1130 873 1300 929 ejusque
1328 873 1457 916 socios
1485 875 1724 932 gerebatur,
1755 889 1829 930 po-

355 938 607 996 pulationem
639 938 903 980 formidatam
934 944 1136 989 evaserat,
1173 939 1229 981 sio
1264 945 1409 982 narrat
1437 940 1674 989 Frontinus,
1711 943 1830 994 quod

356 1014 506 1048 eontra
525 1006 880 1061 esespectationem
903 1006 1121 1047 inviolata
1144 1006 1262 1048 nihil
1277 1021 1328 1048 ex
1345 1007 1474 1049 rebus
1496 1008 1588 1049 suis
1607 1008 1827 1057 amiserat,

355 1074 417 1114 ad
451 1073 695 1127 obsequium
724 1072 906 1113 reducta
939 1073 1220 1128 septuayinta
1254 1073 1398 1115 millia
1429 1081 1701 1116 armatorum
1737 1082 1830 1116 tra-

355 1140 471 1180 didit
506 1140 556 1180 ei.

445 1206 472 1245 3
516 1202 704 1246 Consiliis
727 1202 944 1246 contrariis
967 1203 1163 1248 contrarii
1185 1220 1349 1262 quoque
1369 1212 1568 1249 eventus:
1593 1205 1828 1264 exemplum

355 1271 427 1314 dat
450 1270 591 1313 Livius
614 1270 657 1312 in
680 1269 909 1312 Annibale:
944 1273 1145 1327 Proeeeps
1174 1274 1223 1314 in
1253 1274 1495 1316 avaritiam
1519 1282 1558 1316 et
1589 1275 1828 1316 crudelita-

357 1347 437 1381 tem
470 1339 655 1387 animus,
693 1339 753 1379 ad
782 1338 1020 1393 spolianda
1050 1354 1145 1395 quae
1181 1341 1294 1382 tueri
1325 1341 1537 1396 nequibat,
1568 1349 1615 1382 ut
1649 1349 1829 1383 vastata

355 1407 468 1448 hosti
498 1406 852 1458 relinquerentur,
882 1405 1127 1448 inclinavit.
1190 1408 1248 1447 Id
1267 1408 1440 1462 foedum
1470 1408 1701 1449 eonsilium
1731 1422 1828 1449 cum

355 1474 521 1527 incepto
552 1480 640 1513 tuin
668 1472 801 1513 etiam
832 1473 949 1513 ea’itu
971 1473 1102 1527 fuit:
1138 1487 1269 1528 neque
1297 1474 1407 1515 enim
1440 1475 1632 1529 indiqna
1657 1475 1829 1529 patien-

357 1541 468 1580 tium
512 1540 635 1581 ‘modo
675 1539 1044 1580 abalienabantur
1085 1541 1237 1588 animi,
1274 1541 1347 1581 sed
1388 1547 1621 1582 ceterorum
1662 1541 1825 1582 etiam:

336 1607 510 1662 ‘quippe
534 1607 594 1647 ad
608 1605 761 1661 plures
783 1605 1019 1660 exemplum
1042 1620 1170 1660 quam
1195 1606 1429 1648 calamitas
1446 1607 1706 1661 pertinebat.

447 1676 475 1714 4
521 1671 791 1715 Verissimum
814 1676 953 1713 autem
984 1672 1128 1722 sentio,
1154 1672 1265 1728 quod
1293 1686 1320 1714 a
1348 1671 1552 1729 theologis
1584 1672 1828 1728 quibusdam

355 1743 542 1781 notatum
566 1743 641 1789 est,
667 1744 709 1780 et
733 1751 985 1780 summarum
1008 1743 1261 1794 potestatum
1295 1743 1337 1780 et
1360 1738 1508 1780 ducum
1533 1738 1602 1794 qui
1628 1737 1829 1781 Christia-

355 1819 430 1847 nos
461 1820 504 1847 se
529 1810 571 1848 et
593 1819 619 1847 a
650 1805 742 1846 Deo
766 1809 808 1847 et
829 1805 882 1847 ab
910 1804 1142 1847 hominibus
1172 1804 1319 1847 haberi
1343 1805 1487 1847 volunt
1519 1804 1693 1848 officium
1725 1819 1827 1855 esse,

357 1871 546 1913 violentis
568 1871 732 1913 urbium
757 1870 1056 1926 direptionibus
1080 1877 1123 1914 et
1147 1871 1180 1914 si
1205 1871 1304 1928 quid
1327 1870 1391 1913 his
1415 1870 1545 1913 simile
1568 1877 1631 1914 est
1654 1871 1829 1914 interce-

357 1937 469 1988 dere,
495 1942 541 1979 ut
563 1951 655 1992 quae
675 1936 791 1978 abire
814 1951 896 1977 non
921 1936 1078 1993 possint
1098 1937 1185 1980 sine
1202 1937 1447 1996 gravissimo
1468 1937 1690 1980 multorum
1713 1937 1830 1979 inno-

417 2051 498 2081 tDe
523 2049 667 2089 Quintio]
703 2050 828 2088 Nempe
858 2050 896 2080 T.
925 2051 1059 2086 Quintio
1128 2052 1259 2091 ἔνορκον
1285 2052 1323 2088 ἦν
1356 2056 1431 2081 ’τοῖς
1461 2052 1625 2091 ἀρχαίοις,
1659 2052 1831 2090 Μηδεμιάν

356 2101 526 2131 Flaminio.
1129 2102 1233 2131 πόλιν
1252 2100 1320 2131 τῶν
1343 2102 1618 2140 Ἀμφικτυονίδων
1636 2101 1830 2132 ἀνάστατον

416 2151 430 2168 ‘²
465 2151 568 2180 Testis
603 2153 652 2180 est
679 2151 893 2181 AEscmNEs:
929 2151 985 2180 Ἐν
1012 2152 1060 2180 οἷς
1129 2151 1292 2190 ποιήσειν,
1327 2151 1384 2182 διο.
1440 2152 1531 2182 Orat.
1560 2152 1600 2181 de
1627 2152 1709 2181 male
1743 2152 1830 2182 obita

359 2314 485 2350 others
506 2325 610 2350 came
631 2325 719 2350 over
739 2318 778 2349 to
805 2315 920 2350 them.
974 2315 1055 2351 The
1076 2316 1152 2362 city
1177 2316 1220 2351 of
1241 2316 1306 2351 the
1334 2316 1534 2361 Lingones,
1555 2316 1666 2350 which
1686 2316 1831 2361 escaped

359 2374 412 2407 the
433 2373 678 2418 apprehended
697 2384 829 2418 ravage
849 2373 887 2407 in
904 2374 956 2407 the
976 2385 1056 2407 war
1077 2374 1221 2419 agyaz'nst
1243 2374 1376 2414 Civilis,
1396 2384 1471 2407 was
1491 2373 1642 2407 reduced
1661 2378 1694 2407 to
1715 2374 1830 2407 obedi-

358 2441 445 2471 ence,
463 2431 540 2464 and
554 2430 716 2475 supplied
733 2436 868 2475 seventy
889 2431 1066 2465 thousand
1081 2432 1207 2466 armed
1225 2442 1327 2470 men,·
1358 2441 1398 2465 as
1418 2430 1621 2465 Frontinus
1641 2429 1789 2465 relates.

431 2491 451 2522 3
484 2487 564 2522 The
586 2487 755 2533 opposite
777 2498 886 2522 cause
908 2487 1010 2523 leads
1031 2491 1070 2523 to
1096 2500 1145 2523 an
1165 2489 1335 2534 opposite
1355 2487 1483 2522 result.
1545 2487 1639 2533 Livy
1658 2487 1759 2532 gives
1780 2498 1829 2522 an

359 2544 529 2590 example
549 2545 588 2578 in
611 2544 785 2584 Annibal,
809 2544 916 2579 when
942 2545 990 2579 he
1016 2546 1236 2580 committed
1260 2555 1395 2590 ravage
1420 2545 1459 2578 in
1484 2544 1541 2579 his
1571 2548 1724 2586 retreat,
1754 2544 1829 2579 and

358 2602 546 2636 alienated
566 2601 631 2636 the
652 2602 785 2644 minds‚
812 2601 906 2637 both
936 2602 978 2637 of
1006 2602 1113 2638 those
1144 2603 1226 2638 who
1255 2602 1427 2644 suffered,
1451 2601 1525 2636 and
1550 2601 1594 2636 of
1617 2600 1725 2636 those
1747 2601 1829 2636 who

358 2658 497 2693 feared.

427 2720 449 2749 4
480 2716 516 2750 It
536 2716 566 2750 is
587 2716 664 2750 also
685 2720 783 2751 most
804 2719 900 2758 true,
925 2727 964 2751 as
988 2727 1091 2752 some
1116 2716 1348 2763 theologians
1370 2717 1464 2751 have
1490 2715 1618 2758 noted,
1643 2715 1726 2750 that
1746 2716 1776 2750 it
1796 2715 1827 2750 is

358 2772 422 2806 the
444 2773 536 2819 duty
554 2773 596 2807 of
613 2773 731 2808 rulers
752 2774 826 2808 and
842 2774 999 2815 leaders,
1013 2774 1094 2809 who
1111 2775 1201 2809 wish
1222 2779 1261 2809 to
1282 2775 1329 2809 be
1350 2773 1537 2809 reckoned
1556 2773 1759 2808 Christians
1776 2772 1827 2817 by

360 2829 445 2862 God
464 2830 538 2864 and
558 2830 608 2876 by
628 2842 726 2872 men,
746 2835 785 2865 to
807 2831 953 2866 abstain
977 2832 1075 2866 from
1103 2833 1284 2877 storming
1309 2832 1352 2867 of
1381 2831 1496 2872 cities,
1525 2830 1599 2865 and
1620 2829 1729 2864 other
1748 2828 1825 2864 like

358 2885 497 2920 violent
517 2888 780 2934 proceedings3
802 2889 923 2924 which
944 2893 1082 2924 cannot
1102 2890 1189 2924 take
1209 2890 1327 2935 place,
1347 2888 1504 2923 without
1523 2890 1630 2933 great
1650 2886 1826 2931 calamity

358 2945 398 2976 to
420 2953 531 2988 many
548 2944 724 2980 innocent
739 2956 904 2991 persons,
929 2946 1003 2981 and
1021 2946 1125 2983 often
1150 2947 1198 2982 do
1218 2947 1316 2981 little
1336 2949 1376 2980 to
1396 2947 1568 2991 promote
1587 2943 1652 2978 the
1674 2942 1764 2978 ends
1786 2942 1830 2977 of
