1971 3326
122 177 211 211 Car.
234 175 298 220 V.]
356 178 424 212 DE
455 178 621 213 REssUs
652 177 940 214 VASTANDIS
972 180 1388 222 ERIPIENDISQUE.
1531 176 1583 216 99

218 283 244 323 2
292 283 348 324 Et
368 282 459 324 ideo
486 283 686 339 Ulpianus
714 284 918 340 publicum
943 285 1012 341 jus
1037 285 1159 328 etiam
1183 286 1223 327 in
1255 285 1380 328 sacris
1403 286 1460 329 ait
1492 302 1584 329 con·
1604 298 1728 353 {3325
1749 300 1783 354 ἑ).

118 347 274 390 sistere.
344 349 567 391 Pausanias
591 350 799 392 Arcadicis
823 351 881 393 ait
912 366 1065 393 morem
1091 351 1214 393 fuisse
1245 352 1402 394 Graecis
1433 353 1583 396 barba·
1601 360 1666 419 525¹*ss
1677 339 1750 413 40⁵&

118 413 257 470 risque
292 429 557 464 communem,
597 421 644 457 ut
683 431 749 458 res
784 431 912 458 sacrae
950 417 1113 459 arbitrii
1156 432 1298 459 eorum
1333 418 1479 461 fierent
1513 420 1584 476 qui

118 480 241 522 urbes
265 480 478 536 cepissent.
550 481 616 523 Sic
643 481 761 523 Jovis
791 482 960 524 Hercaei
989 483 1263 533 simulacrum,
1297 485 1423 540 Troja
1449 492 1580 541 capta,

117 560 350 588 concessum
385 547 592 596 Sthenelo,
622 548 832 603 multaque
865 549 946 590 alia
981 548 1067 604 ejus
1101 550 1226 591 moris
1258 551 1447 607 exempla
1475 566 1582 593 com-

116 617 331 654 memorat.
379 612 646 669 Thucydides
669 613 737 654 lib.
765 627 820 654 lv.
859 612 938 657 τὸν
962 611 1089 666 νόμον
1109 618 1203 663 τοῖς
1221 614 1439 669 ”Ελλησιν
1460 619 1580 667 εἶναι,
1598 627 1715 658 Cap-98-

117 672 174 720 aiv
207 675 261 722 ἂν
291 673 314 742 ᾖ
340 678 395 722 τό
419 676 576 739 κράτος
601 681 679 730 τῆς
704 681 790 734 ’γῆς
818 677 1016 729 ἑκάστης,
1043 677 1092 732 ἥν
1122 701 1175 725 τε
1214 682 1407 733 πλέονος,
1446 680 1497 736 ἤν
1528 703 1581 727 τε

117 741 416 804 βραχυτέρας,
454 740 626 788 τούτων
661 743 727 786 καὶ
769 741 827 786 τά
871 743 962 804 ἱεροὶ
1000 743 1070 789 αἐὶ
1112 748 1363 805 *γίγνεσθαι-
1390 751 1467 803 jus
1504 752 1581 791 hoc

116 812 236 864 apud
265 810 439 852 G‘raecos
463 824 559 858 csse,
596 818 644 851 ut
667 811 743 865 qui
774 811 1008 865 imperium
1031 813 1250 855 obtineant
1277 815 1325 854 in
1357 823 1475 856 terra
1499 817 1583 857 ali-

115 890 203 930 qua
225 890 387 930 magma
410 883 488 917 aut
510 890 672 931 parva,
706 870 875 917 deorum
899 877 987 918 sint
1016 885 1055 920 et
1087 880 1254 934 templa.
1327 880 1366 920 A
1392 894 1473 935 quo
1499 895 1581 921 non

115 940 319 996 discrepat
342 941 440 983 illud
462 941 573 997 apud
597 941 808 983 Tacitum:
844 950 1020 985 czmctas
1052 947 1311 988 ceremonias
1333 947 1509 988 Italicis
1534 948 1581 988 in
1597 956 1720 981 Anu-iii-
1734 957 1774 985 71·

114 1008 299 1061 oppidis,
325 1008 574 1063 templaque,
606 1012 645 1049 et
668 1008 890 1049 numinum
915 1011 1079 1064 effiyics,
1098 1011 1223 1065 juris
1248 1020 1376 1068 atque
1405 1013 1581 1068 imperii

114 1073 306 1114 Romani
329 1088 425 1115 esse.

207 1140 234 1179 3
282 1139 422 1189 Quare
447 1144 489 1181 et
511 1138 685 1195 populus
707 1138 807 1195 ipse,
839 1145 998 1182 mutata
1025 1140 1248 1193 voluntate,
1281 1148 1417 1199 potest
1441 1158 1492 1186 ex
1516 1159 1580 1186 sa-

113 1218 182 1245 cro
205 1204 423 1260 profanum
446 1205 604 1247 facere:
640 1206 749 1262 quod
780 1220 862 1247 non
894 1207 1064 1249 obscure
1093 1208 1275 1252 indicant
1299 1209 1579 1265 jurisconsulti

114 1268 269 1312 Paulus
304 1276 346 1312 et
380 1270 631 1313 Venuleius:
674 1276 716 1312 et
751 1276 982 1327 temporum
1017 1274 1259 1317 necessitate
1290 1275 1476 1317 videmus
1510 1290 1578 1318 res
1596 1286 1770 1311 Lineersti-

1592 1317 1743 1346 putantem,
1755 1319 1794 1341 ³3.

112 1349 249 1378 sacras
284 1337 336 1378 ab
366 1336 429 1378 his
459 1336 529 1392 qui
564 1343 831 1379 sacraverant
865 1339 928 1379 ein
964 1339 1058 1380 belli
1086 1354 1181 1381 usus
1211 1355 1439 1391 conversas,
1476 1347 1522 1383 ut
1553 1357 1578 1384 a
1594 1347 1779 1401 ἕῇαῇᾌῇγζζῡ-

878 1432 980 1461 clesiae
993 1433 1022 1461 in
1040 1443 1185 1463 nummos
1200 1436 1303 1472 vertit,
1317 1436 1371 1464 sed
1382 1439 1494 1474 postea
1508 1445 1578 1474 pre·
1595 1414 1679 1467 {Zmil
1689 1409 1758 1467 [11371'5
1771 1439 1794 1462 6-

877 1481 956 1509 tium
985 1483 1130 1519 reddidit,
1158 1487 1195 1512 ut
1222 1488 1329 1513 narrat
1357 1485 1577 1523 Theophanes.
1594 1469 1676 1528 &ll-‘J
1688 1470 1756 1493 verb,

879 1528 961 1557 Vide
990 1532 1021 1558 et
1052 1532 1180 1558 Annam
1207 1531 1400 1560 Comnenam
1436 1533 1518 1561 libro
1546 1541 1577 1560 v.

112 1429 182 1457 nius
204 1429 275 1460 Lib.
293 1439 380 1459 xvn.
409 1440 477 1468 cap.
499 1430 612 1459 ultimo
635 1431 674 1459 de
695 1430 810 1459 Porcio

113 1479 236 1508 Catone
255 1489 371 1517 agens:
393 1480 473 1509 idem
494 1480 622 1509 arbores
645 1480 812 1518 reliqiosas

111 1528 255 1566 lucosque
266 1529 386 1557 succidi
389 1529 542 1566 permisit,
553 1529 711 1566 sacrificio
717 1529 811 1566 prius

99 1578 216 1615 facto:
247 1578 335 1615 cnjus
361 1579 409 1608 rei
437 1579 587 1607 rationem
614 1588 733 1616 quoque
761 1588 811 1607 eo-

110 1628 177 1657 dem
210 1629 361 1658 volumine
400 1628 545 1657 tradidit.
601 1629 689 1657 Sulla
726 1629 810 1657 bello

112 1677 329 1706 Mithridatico
345 1677 475 1706 donaria
497 1678 537 1706 ab
554 1677 711 1716 Olympia,
732 1678 809 1715 Epi-

111 1728 219 1765 daur0,
236 1728 370 1766 Delphis
384 1728 526 1766 abstulit⁷
547 1729 720 1757 Plutarcho
738 1737 810 1757 nar-

110 1781 211 1815 rante,
229 1779 316 1817 (pag.
332 1778 401 1816 459)
417 1781 449 1808 et
464 1779 626 1817 Appiano,
644 1779 729 1816 (pag.
739 1778 809 1815 206)

109 1829 192 1857 idem
207 1828 343 1867 pretium
359 1828 508 1857 restituit.
544 1828 704 1856 Diodorus
720 1828 809 1856 Sicu-

109 1878 160 1906 lus
170 1878 202 1906 in
212 1876 610 1915 ExcerptisPeirescianis.
622 1876 713 1914 (pag.
721 1876 808 1913 406.)

110 1928 279 1965 Augustus
299 1936 336 1955 ex
358 1926 485 1963 templis
505 1926 669 1954 thesauros
686 1925 809 1963 accepit

109 1980 247 2011 mutuos,
274 1975 423 2012 Appiano
452 1975 585 2003 docente
613 1974 750 2003 civilium
775 1982 807 2003 V.

112 2026 201 2064 (pag.
217 2023 290 2062 678)
314 2033 388 2052 vasa
407 2033 494 2052 sacra
514 2024 553 2051 ab
575 2023 725 2061 Agapeto
748 2032 805 2060 op-

109 2075 279 2113 pignorata
301 2073 398 2102 tradit
428 2073 633 2101 Cassiodorus
662 2081 726 2101 xu.
756 2074 804 2102 20.

879 1577 960 1616 (cap.
978 1579 1008 1615 1)
1027 1582 1058 1608 et
1079 1580 1160 1608 libro
1175 1589 1221 1609 vi.
1249 1582 1335 1618 (cap.
1351 1581 1401 1617 2.)
1445 1582 1578 1611 Crome-

878 1636 947 1656 rum
963 1629 1043 1657 libro
1058 1638 1164 1659 XXUI.
1180 1630 1264 1668 (pag.
1274 1630 1343 1660 516.
1358 1630 1448 1660 Edit.
1459 1632 1580 1668 Basil.)

879 1677 1054 1706 orationem
1082 1678 1286 1707 Laurentiani
1313 1680 1397 1717 apud
1422 1681 1578 1709 Bembum

877 1726 959 1754 libro
974 1735 1020 1755 vl.
1063 1728 1157 1756 Adde
1173 1738 1243 1766 quae
1262 1729 1344 1757 infra
1363 1730 1508 1759 dicentur
1526 1740 1578 1759 ca-

877 1776 943 1813 pite
958 1777 1020 1804 xxi.
1048 1776 1065 1815 ξ
1081 1779 1129 1806 23.
1173 1777 1299 1816 [Neque
1313 1779 1400 1808 Iocus
1416 1780 1578 1809 Plutarchi

877 1824 915 1852 de
932 1825 1142 1862 Syracusanis,
1159 1836 1260 1864 neque
1276 1828 1371 1856 Plinii
1390 1829 1429 1857 de
1446 1829 1578 1865 Catone,

874 1874 951 1902 satis
965 1875 1005 1903 ad
1020 1884 1086 1903 rem
1096 1876 1228 1904 faciunt.
1258 1876 1439 1906 Heraclium
1452 1887 1580 1916 quoque

876 1924 1012 1961 pretium
1041 1933 1186 1953 vasorum
1218 1926 1371 1955 refudisse
1392 1936 1450 1955 nec
1473 1928 1577 1956 Theo-

876 1973 995 2010 phanes
1010 1983 1067 2002 nec
1083 1974 1271 2003 Anastasius
1291 1985 1348 2004 nec
1363 1976 1487 2005 Auctor
1502 1977 1577 2005 His-

876 2022 965 2051 toriae
993 2023 1144 2052 Miscellae
1178 2025 1313 2062 scripsit.
1366 2025 1449 2056 Vide
1475 2026 1575 2055 Notas

877 2072 1026 2103 Gallicas.
1067 2073 1102 2103 J.
1118 2072 1177 2112 B.]

110 2124 277 2154 Heraclius
291 2123 322 2152 in
345 2123 433 2161 gravi
455 2122 641 2151 necessitate
662 2131 735 2151 vasa
753 2131 804 2151 ec-

108 2277 173 2313 the
197 2277 360 2312 formula
385 2277 504 2312 which
525 2288 577 2311 we
597 2276 691 2312 have
715 2277 913 2314 elsewhere
939 2278 1036 2314 cIted
1063 2278 1161 2314 from
1186 2279 1291 2324 Livy.
1346 2278 1396 2313 So
1417 2278 1574 2313 Plautus

108 2335 148 2369 in
167 2334 232 2369 the
252 2334 481 2379 Amphitrzw.

186 2395 207 2425 2
242 2391 328 2425 And
367 2391 556 2425 therefore
586 2391 725 2437 Ulpian
758 2402 838 2436 says
870 2391 953 2426 that
984 2392 1110 2437 public
1142 2392 1212 2426 law
1244 2391 1411 2426 includes
1444 2392 1574 2426 sacred

108 2447 232 2493 things
252 2448 340 2481 also.
404 2448 606 2482 Pausanias
628 2459 709 2493 says
727 2447 808 2482 that
829 2449 857 2483 it
874 2449 904 2483 is
925 2460 947 2482 a
969 2450 1132 2494 practice
1164 2460 1336 2483 common
1363 2452 1402 2483 to
1429 2448 1572 2482 Greeks

109 2504 183 2538 and
201 2504 429 2544 barbariam,
450 2504 533 2538 that
563 2504 691 2538 sacred
724 2504 843 2549 things
873 2505 1006 2539 should
1035 2505 1082 2540 be
1107 2510 1146 2539 at
1176 2505 1274 2540 their
1304 2504 1464 2550 disposal
1489 2504 1570 2538 who

108 2561 202 2595 have
222 2560 334 2594 taken
351 2560 415 2594 the
437 2561 522 2605 city.
563 2561 612 2594 So
633 2560 738 2594 when
759 2562 858 2607 Troy
878 2572 950 2595 was
966 2562 1091 2602 taken,
1108 2561 1172 2596 the
1193 2563 1313 2606 image
1330 2560 1373 2595 of
1390 2561 1571 2594 Hereaean

108 2617 203 2652 Jove
234 2627 307 2650 was
338 2617 495 2661 granted
524 2620 563 2650 to
598 2616 822 2658 Sthenelu53
867 2618 941 2651 and
975 2618 1209 2663 Thucydides
1241 2617 1426 2651 mentions
1457 2628 1571 2662 many

110 2673 295 2719 examples
317 2673 359 2707 of
376 2673 450 2707 this
471 2683 601 2717 usage:
634 2674 709 2707 that
730 2675 805 2719 they
825 2675 900 2707 who
928 2674 1005 2708 rute
1025 2676 1078 2709 the
1095 2675 1184 2708 land
1198 2685 1330 2719 possess
1351 2674 1403 2707 the
1420 2673 1570 2718 temptes.

108 2730 195 2765 And
215 2729 394 2764 Tacitus's
415 2733 572 2763 account
592 2730 621 2764 is
642 2734 708 2764 not
729 2730 845 2776 really
866 2730 1049 2771 different,
1071 2731 1153 2764 that
1174 2731 1211 2763 in
1232 2730 1297 2763 the
1318 2729 1426 2763 Italic
1452 2733 1570 2764 towns

109 2788 160 2821 all
179 2787 244 2822 the
261 2787 498 2827 ceremonies,
518 2786 685 2832 temples,
706 2787 856 2830 images,
877 2797 939 2820 are
956 2787 1076 2820 under
1092 2787 1156 2820 the
1177 2787 1323 2820 Roman
1344 2785 1545 2831 authority.

187 2848 208 2879 3
244 2843 462 2877 Wherefore
487 2843 551 2877 the
570 2843 705 2888 people
727 2854 811 2888 may
832 2842 972 2887 change
992 2843 1039 2876 its
1060 2843 1144 2883 will,
1173 2842 1247 2876 and
1266 2842 1375 2876 make
1399 2853 1421 2876 a
1441 2842 1571 2877 sacred

108 2899 277 2945 building
304 2900 383 2934 into
414 2911 437 2934 a
456 2899 611 2945 profane
633 2910 704 2933 one
716 2911 726 2940 ;
756 2910 794 2933 as
815 2899 953 2932 Paulus
974 2899 1046 2932 and
1068 2899 1270 2934 Venuleius
1290 2902 1357 2934 not
1377 2899 1572 2945 obscurely

109 2956 245 3002 imply3
272 2956 345 2990 and
365 2967 419 2990 we
440 2967 500 2991 see
519 2956 610 2998 that,
633 2956 682 3002 by
702 2955 766 2990 the
787 2955 969 3002 necessity
997 2955 1040 2989 of
1061 2956 1125 2990 the
1154 2957 1273 2997 times,
1295 2956 1424 2990 sacred
1444 2956 1568 3001 things

1316 3019 1435 3063 7—2
