1971 3326
162 167 253 204 CAP.
273 164 362 213 IX.]
669 168 737 203 DE
768 167 1122 204 POSTLIMINIO.
1555 161 1636 203 169

161 273 251 316 loco
286 274 552 332 Pomponius,
589 280 674 324 aut,
710 281 757 318 ut
789 274 941 317 Paulus
976 272 1154 329 exempli
1188 286 1311 314 causa
1349 271 1543 329 explicat,
1583 274 1638 315 ad

161 355 305 398 regem
328 341 478 383 socium
505 341 572 383 vel
596 341 783 383 amicum.
856 340 1016 392 Quibus
1048 340 1092 381 in
1123 338 1221 381 locis
1257 333 1400 380 famici
1436 344 1510 381 aut
1540 340 1638 381 socii

161 406 418 465 intelligendi
449 413 545 450 sunt
582 422 665 449 non
699 407 938 464 simpliciter
971 406 1214 462 quibuscum
1239 419 1323 462 pax
1347 410 1422 454 est,
1457 405 1531 447 sed
1567 405 1639 461 qui

162 480 303 530 partes
326 473 369 515 in
392 474 500 516 bello
524 474 690 516 easdem
722 479 976 529 sequuntur:
1012 473 1066 514 ad
1099 487 1201 528 quos
1239 471 1310 527 qui
1341 477 1560 520 venerunt,
1592 477 1640 514 ut

162 540 318 582 Paulus
352 540 548 596 loquitur,
596 539 760 581 nomine
800 539 964 596 publico
1006 538 1085 581 tuti
1120 553 1209 580 esse
1243 537 1455 594 incipiunt.
1525 537 1640 579 Nihil

163 606 273 648 enim
296 605 484 655 interest,
520 606 641 647 homo
664 611 737 647 aut
760 620 839 655 res,
865 605 920 647 ad
939 606 1028 652 hos,
1053 610 1126 647 aut
1149 605 1204 647 ad
1222 618 1316 646 suos
1338 603 1593 660 pervenerit.

267 672 294 714 2
340 672 469 728 Apud
493 686 562 713 eos
586 685 684 714 vero
709 671 778 726 qui
799 670 918 712 amici
943 676 1050 720 sunt,
1084 671 1158 712 sed
1190 685 1272 712 non
1297 670 1521 712 earundem
1544 685 1641 727 par-

165 737 280 788 tium,
305 737 413 780 bello
433 736 541 792 capti
564 742 717 779 statum
736 751 818 778 non
840 742 1004 778 mutant
1022 736 1098 777 nisi
1123 751 1175 778 ex
1194 735 1360 792 speciali
1378 742 1520 791 pacto:
1542 751 1642 793 quo-

166 804 288 846 modo
309 803 352 846 in
369 803 547 846 secundo
571 803 713 845 federe
736 802 817 845 icto
840 801 950 844 inter
974 803 1183 844 Romanos
1207 806 1250 843 et
1277 802 1643 859 Carthaginienses

171 875 432 920 convenerat,
462 875 509 912 ut
531 869 601 926 qui
621 884 647 912 a
669 867 1082 926 Carthaginiensibus
1111 867 1221 924 capti
1256 881 1279 909 e
1310 867 1473 923 populis
1504 869 1644 911 amicis

167 937 450 978 Romanorum
472 935 514 978 in
547 941 691 992 portus
713 934 911 977 Romanis
934 933 1120 976 subditos
1149 932 1370 983 venissent,
1403 933 1445 975 in
1474 933 1644 977 liberta-

173 1008 257 1045 tem
283 1001 482 1045 vindicari
511 1007 701 1059 possent:
732 1007 861 1058 utque
886 999 1291 1057 Carthaginiensium
1316 998 1457 1041 amicis
1480 1015 1557 1057 par
1576 1001 1646 1057 jus

169 1073 287 1110 esset.
338 1069 438 1110 Ideo
477 1068 581 1125 gqui
604 1069 888 1110 Romanorum
918 1066 1025 1109 bello
1046 1035 1218 1108 spumeo
1251 1066 1430 1108 secundo
1463 1067 1573 1123 capti
1602 1067 1644 1109 in

168 1134 375 1176 Graeciam
399 1134 640 1176 commercio
664 1138 952 1190 pervenerant,
970 1133 1039 1190 jus
1058 1132 1115 1175 ibi
1133 1131 1371 1189 postliminii
1389 1147 1472 1174 non
1490 1134 1647 1176 habue-

167 1206 279 1250 runt,
299 1200 396 1256 quia
420 1200 558 1243 Graeci
580 1200 624 1242 in
648 1215 696 1242 eo
722 1200 827 1242 bello
851 1206 1020 1242 neutras
1044 1198 1171 1241 secuti
1197 1199 1366 1241 fuerant
1395 1205 1564 1255 partes:
1599 1216 1647 1242 ac

169 1273 392 1324 propterea
413 1282 515 1323 opus
538 1266 616 1309 fuit
640 1281 709 1309 eos
732 1265 881 1309 redimi
904 1271 952 1308 ut
974 1265 1264 1308 liberarentur.
1321 1264 1432 1315 Quin
1463 1272 1505 1309 et
1534 1267 1646 1324 apud

229 1378 244 1400 ‘¹
264 1378 481 1409 Nominabant
504 1378 687 1418 eliminium]
718 1379 764 1408 Et
785 1379 874 1409 colli-

170 1429 296 1458 minium
311 1430 343 1458 in
359 1430 467 1459 Solino
491 1429 590 1468 (Cap.
607 1430 655 1459 15.
670 1429 752 1459 vel‘)
735 1431 782 1459 5.
791 1429 805 1466 )
827 1432 875 1458 est

170 1480 256 1518 quod
270 1480 367 1519 vulgo
380 1480 584 1509 collimitium.

230 1534 244 1550 e
264 1529 320 1558 Ez·
344 1530 447 1559 reditu
476 1530 508 1558 in
533 1529 637 1568 limen]
661 1530 745 1558 Hinc
770 1531 875 1558 sumta

169 1579 379 1609 translatione
400 1579 629 1617 postliminium
657 1579 875 1609 ecclesiastisca

166 1629 261 1667 pacis
285 1629 366 1658 dixit
387 1629 606 1659 Tertullianus
634 1629 672 1658 sle
694 1629 873 1659 Pudicitia.

172 1679 274 1717 (Cap.
292 1679 360 1715 15.)

233 1728 244 1749 s
266 1729 370 1758 Amici
398 1731 454 1758 aut
479 1729 558 1758 socii
585 1728 779 1766 intelliqendi
804 1731 876 1758 sunt

173 1788 233 1807 non
252 1779 436 1817 simpliciter
455 1779 635 1817 quibuscum
651 1788 722 1816 pam
743 1777 802 1816 est]
827 1780 877 1807 Ita

173 1826 307 1855 sensisse
324 1826 444 1855 Maroci
459 1829 491 1855 et
505 1826 594 1855 Fesae
614 1834 722 1864 regem
743 1829 878 1864 apparet

174 1885 212 1905 ex
241 1876 367 1905 Thuani
393 1876 475 1905 libro
503 1884 614 1905 cxxx.
642 1875 674 1904 in
704 1885 788 1905 anno
816 1876 876 1906 010

944 1379 1003 1409 Ioc
1016 1387 1068 1408 111.

1004 1434 1019 1456 g
1044 1428 1108 1466 Qui
1123 1427 1334 1459 Romanorum
1358 1430 1436 1460 bello
1459 1431 1582 1462 Punico
1601 1442 1648 1462 se-

944 1478 1043 1507 cundo
1058 1478 1145 1516 capti
1159 1478 1192 1506 in
1210 1478 1366 1509 Graeciam
1380 1483 1559 1511 commercio
1570 1493 1648 1521 per-

943 1531 1098 1563 venerant,
1111 1526 1168 1564 jus
1188 1527 1232 1556 ibi
1244 1529 1435 1565 postliminii
1451 1541 1511 1560 non
1532 1532 1647 1562 habue-

943 1579 1031 1617 runt]
1049 1578 1195 1608 Valerius
1208 1578 1366 1609 Maximus
1379 1580 1450 1611 Lib.
1466 1590 1501 1612 v.
1517 1592 1586 1621 cap.
1597 1585 1646 1613 11.

944 1638 974 1657 n.
993 1629 1021 1659 6.
1063 1629 1224 1657 Diodorus
1239 1628 1364 1658 Siculus
1387 1635 1536 1670 excerpto
1557 1633 1648 1671 lega-

944 1678 1066 1707 tionum
1082 1688 1113 1706 n.
1128 1680 1157 1708 3.
1201 1678 1251 1707 Sic
1266 1681 1298 1707 et
1314 1679 1430 1709 Rhodii
1450 1690 1529 1719 quos
1544 1683 1648 1712 Athe-

944 1728 1099 1757 niensium
1124 1728 1209 1757 cives
1230 1728 1315 1757 bello
1330 1729 1470 1768 Philippi
1495 1737 1648 1771 emerant,

943 1778 1117 1807 liberaliter
1127 1778 1377 1809 Atheniensibus
1389 1781 1563 1813 reddidere.
1586 1784 1649 1812 Po-

944 1828 1047 1866 lybius
1062 1831 1212 1865 excerpto
1227 1828 1423 1867 legationum
1439 1840 1471 1859 n.
1486 1833 1505 1861 3
1521 1832 1563 1870 [c.
1577 1834 1649 1864 hist.

945 1878 998 1907 des
1013 1878 1089 1907 Anc.
1106 1878 1192 1908 irait.
1208 1877 1295 1908 Part.
1311 1880 1328 1907 1
1343 1881 1402 1908 art.
1416 1881 1484 1911 251.
1525 1882 1558 1911 J.
1570 1883 1630 1922 B.J

175 2027 244 2052 our
273 2016 415 2052 friends
444 2018 519 2053 and
549 2019 652 2054 allies
678 2031 742 2055 are
768 2024 807 2055 to
832 2020 880 2056 be
905 2023 1147 2068 understood,
1179 2029 1245 2061 not
1269 2026 1405 2072 simply
1427 2026 1534 2062 those
1562 2028 1651 2063 with

175 2074 296 2108 whom
317 2086 372 2109 we
393 2086 456 2110 are
489 2080 528 2111 at
552 2087 678 2122 peace,
710 2077 778 2112 but
803 2077 910 2114 those
939 2080 1022 2115 who
1050 2093 1114 2116 are
1136 2082 1178 2117 of
1201 2094 1270 2117 our
1290 2087 1399 2129 party
1420 2084 1458 2118 in
1478 2084 1543 2119 the
1562 2097 1648 2120 war.

175 2131 298 2166 Those
318 2131 399 2167 who
421 2144 527 2168 come
554 2138 593 2168 to
621 2134 712 2169 such
734 2146 798 2170 are
821 2136 910 2178 safe,
931 2148 971 2172 as
1000 2138 1033 2172 if
1051 2138 1152 2186 they,
1177 2151 1265 2174 man
1285 2151 1328 2175 or
1348 2141 1465 2187 thing,
1487 2153 1590 2177 camo
1611 2147 1651 2178 to

174 2188 274 2223 their
294 2199 375 2223 own
395 2191 542 2236 people.

250 2247 462 2292 2Coming
472 2258 608 2294 among
625 2248 731 2284 those
747 2249 828 2285 who
845 2262 909 2287 are
924 2252 1098 2300 friendly,
1111 2253 1180 2290 but
1195 2258 1261 2290 not
1278 2255 1322 2290 of
1334 2255 1398 2291 the
1414 2267 1515 2291 same
1531 2261 1653 2304 party,

175 2314 220 2350 pl
222 2314 361 2339 isoners
383 2305 426 2339 of
442 2316 516 2339 war
533 2305 580 2340 do
598 2310 665 2341 not
682 2306 824 2353 change
840 2309 939 2344 their
955 2311 1158 2354 condition,
1175 2317 1307 2358 except
1326 2313 1376 2359 by
1398 2314 1536 2359 special
1553 2326 1652 2349 com-

176 2364 274 2406 pact.
336 2360 417 2396 As
408 2373 446 2395 m
474 2362 540 2397 the
567 2363 705 2397 second
730 2364 862 2410 league
885 2367 995 2402 made
1018 2368 1187 2404 between
1204 2369 1269 2404 the
1286 2371 1452 2405 Romans
1469 2371 1543 2405 and
1562 2372 1651 2406 Car-

177 2417 399 2462 thaginians,
414 2419 444 2453 it
464 2431 537 2453 was
562 2420 696 2465 agreed
718 2420 800 2456 that
824 2422 931 2458 those
952 2424 995 2458 of
1016 2425 1080 2460 the
1101 2426 1265 2471 peoples,
1285 2427 1427 2461 friends
1454 2427 1497 2461 of
1520 2428 1653 2470 Rome,

176 2473 258 2508 who
276 2485 372 2509 were
390 2475 501 2510 taken
518 2476 703 2521 prisoners
720 2477 770 2524 by
786 2478 850 2514 the
869 2481 1163 2527 Carthaginians,
1180 2483 1213 2516 if
1225 2483 1314 2528 they
1331 2494 1435 2517 came
1453 2484 1531 2518 into
1549 2489 1652 2530 ports

177 2530 321 2575 subject
340 2535 379 2566 to
400 2531 464 2567 the
480 2533 657 2575 Romans,
673 2535 792 2580 might
809 2537 917 2571 claim
935 2538 1032 2573 their
1048 2539 1207 2586 liberty3
1233 2540 1307 2574 and
1325 2540 1407 2574 that
1427 2540 1491 2574 the
1511 2541 1652 2577 friends

178 2587 221 2621 of
246 2587 310 2622 the
333 2587 615 2634 Carthaginians
651 2590 783 2626 should
808 2593 901 2629 have
927 2606 949 2629 a
973 2595 1048 2629 like
1074 2596 1185 2641 right.
1249 2596 1452 2632 Therefore
1477 2597 1584 2633 those
1614 2599 1657 2633 of

178 2643 243 2678 the
264 2645 428 2679 Romans
449 2646 489 2679 in
507 2646 571 2681 the
591 2649 729 2682 second
749 2650 868 2684 Punic
885 2663 970 2692 war,
991 2652 1083 2693 who,
1103 2653 1215 2698 being
1230 2653 1426 2699 prisoners,
1448 2665 1552 2689 came
1573 2656 1652 2691 into

180 2701 323 2736 Greece
339 2712 388 2736 on
405 2703 640 2738 commercia]
655 2704 813 2751 designs,
826 2706 899 2741 had
917 2712 983 2742 not
1000 2709 1106 2744 there
1119 2709 1183 2744 the
1201 2709 1300 2754 right
1317 2710 1360 2744 of
1371 2711 1652 2755 postliminium,

178 2757 337 2793 because
367 2758 432 2794 the
456 2759 610 2802 Greeks,
630 2761 667 2795 in
696 2761 779 2796 that
807 2775 892 2805 war,
912 2764 987 2798 had
1015 2766 1128 2800 taken
1155 2770 1240 2812 part
1268 2766 1358 2800 with
1381 2767 1529 2803 neither
1549 2770 1649 2805 side:

179 2815 253 2849 and
274 2815 463 2851 therefore
483 2817 512 2851 it
534 2829 605 2852 was
630 2829 825 2865 necessary
844 2820 905 2854 for
925 2821 1028 2855 them
1053 2826 1092 2857 to
1121 2823 1168 2857 be
1193 2824 1400 2864 ransomed‚
1423 2826 1461 2859 in
1482 2826 1592 2861 order
1612 2831 1651 2862 to

179 2873 307 2917 regain
327 2872 425 2908 their
445 2873 590 2920 liberty.
650 2875 695 2909 In
716 2876 858 2911 Homer
886 2881 949 2913 too
972 2890 1025 2913 we
1051 2890 1113 2914 see
1138 2880 1322 2925 prisoners
1350 2882 1393 2916 of
1416 2894 1492 2917 war
1511 2884 1591 2919 sold
1612 2885 1651 2918 in

180 2929 325 2964 neutral
347 2930 483 2977 places,
504 2943 543 2966 as
564 2932 726 2978 Lycaon,
748 2934 849 2968 Iliad
864 2945 925 2969 xx.
951 2936 1219 2982 Eurymedusa,
1243 2937 1389 2984 Odyssea
1405 2949 1486 2976 vm.

1661 828 1757 859 Polyb.
1771 828 1808 852 iii.
1822 828 1860 852 24.

1664 1089 1736 1114 Plut
1754 1090 1802 1113 Fla
1805 1096 1839 1112 m.

1663 1128 1708 1153 pp.
1725 1122 1779 1151 376,
1793 1122 1847 1148 377.
