1971 3326
333 196 416 238 192
780 203 984 239 MONITA
1013 204 1081 237 DE
1113 202 1210 245 HIS,
1243 203 1363 244 QUAE
1617 200 1803 248 [L1ss.111.

434 311 521 353 III.
592 311 780 353 Primum
805 325 907 368 ergo
932 310 1116 359 dicimus,
1141 309 1175 351 si
1199 309 1296 351 belli
1320 325 1443 352 causa
1463 309 1617 366 injusta
1637 310 1701 360 sit,
1728 311 1802 353 eti-

332 377 435 420 amsi
457 378 608 420 bellum
637 378 794 419 solenni
822 377 942 418 modo
973 382 1208 431 susceptum
1237 375 1302 424 sit,
1327 375 1499 431 injustos
1527 391 1615 418 esse
1638 376 1803 419 interna

332 443 533 499 injustitia
557 457 697 485 omnes
721 448 837 484 actus
871 441 941 497 qui
964 441 1061 483 inde
1085 446 1338 483 nascuntur:
1373 441 1432 483 ita
1458 447 1505 483 ut
1536 441 1606 497 qui
1629 442 1802 484 scientes

333 510 438 551 tales
474 515 590 551 actus
622 513 859 564 operantur,
896 512 969 549 aut
1003 507 1057 549 ad
1093 521 1163 548 eos
1198 512 1485 563 cooperantur,
1510 507 1691 549 habendi
1720 507 1802 550 sint

115 584 303 610 lcor·vi-10·
333 574 376 617 in
412 589 555 616 eorum
590 588 777 623 numero,
815 572 886 628 qui
925 572 980 614 ad
1019 587 1195 630 regnum
1236 573 1400 614 coeleste
1435 572 1523 614 sine
1560 573 1803 629 poenitentia

333 640 551 697 pervenire
573 654 657 681 non
679 645 862 695 possunt.
933 639 1048 681 Vera
1069 645 1207 680 autem
1232 638 1486 694 poenitentia,
1512 638 1546 680 si
1578 645 1739 695 tempus
1761 646 1803 681 et

333 705 451 762 copia
485 711 691 762 suppetat,
733 705 896 747 omnino
934 704 1122 760 requirit,
1156 700 1229 746 dut
1263 705 1310 755 is,
1346 704 1416 760 qui
1451 705 1647 746 damnum
1675 704 1802 756 dedit,

334 772 421 815 sive
445 771 740 821 interficiendo,
766 771 851 813 sive
875 785 943 812 res
977 770 1290 827 corrumpendo,
1327 770 1413 812 sive
1443 771 1606 827 praedas
1627 770 1803 827 agendo,

334 839 377 881 id
401 839 533 895 ipsum
557 837 766 880 resarciat.
840 837 941 878 Ideo
966 838 1081 878 Deus
1105 839 1255 894 enegat
1288 842 1413 894 grata
1435 837 1512 878 sibi
1536 851 1625 878 esse
1648 836 1806 893 jejunia

116 921 182 945 Jon.
195 919 232 943 iii.
245 920 268 944 8.
336 920 478 947 eorum
503 904 573 960 qui
597 918 678 945 non
705 902 802 959 jure
834 908 975 958 captos
1005 902 1272 945 detinebant:
1309 909 1351 944 et
1382 902 1579 944 Ninivitis
1602 918 1678 944 rex
1702 902 1807 944 indi-

336 986 432 1013 cens
458 969 663 1027 justitium
688 968 886 1026 praecipit,
913 974 959 1010 ut
982 968 1128 1024 rapina
1157 982 1301 1009 manus
1325 968 1618 1018 vacuefaciant,
1644 974 1806 1010 naturae

337 1037 463 1079 ductu
498 1050 737 1093 agnoscens,
763 1035 850 1076 sine
885 1034 959 1076 tali
990 1034 1251 1076 restitutione
1286 1033 1568 1089 poenitentiam
1598 1034 1734 1076 fictam
1764 1038 1808 1076 et

118 1117 179 1175 1¹32&
178 1117 317 1178 Igvgffit.
337 1102 500 1144 inanem
524 1103 624 1145 fore.
692 1101 830 1156 Atque
854 1099 914 1141 ita
938 1099 1124 1142 videmus
1148 1099 1302 1142 sentire
1328 1095 1430 1141 fnon
1452 1100 1622 1142 Judaeos
1645 1105 1807 1142 tantum

111 1179 224 1210 jub-16·
339 1175 381 1211 et
406 1167 674 1216 Christianos,
699 1166 772 1207 sed
797 1172 839 1207 et
861 1166 1215 1208 gMahumetistas.

118 1246 311 1308 gggygftlvferb·
440 1235 513 1277 IV.
571 1233 637 1275 Ad
668 1231 971 1274 restitutionem
996 1237 1134 1274 autem
1164 1236 1371 1281 tenentur,
1397 1231 1618 1273 secundum
1643 1245 1693 1273 ea
1713 1246 1807 1287 quae

119 1308 288 1362 33102111&
339 1300 590 1359 generaliter
624 1314 650 1340 a
683 1298 800 1340 nobis
831 1298 928 1339 alibi
964 1298 1168 1354 explicata
1202 1304 1310 1347 sunt,
1343 1297 1441 1340 belli
1479 1304 1680 1347 auctores,
1720 1297 1807 1339 sive

118 1367 318 1423 ξὲζῗζξῑῇξεζξ·
340 1366 554 1424 potestatis
570 1365 678 1422 jure,
703 1365 788 1406 sive
820 1363 1000 1413 consilio,
1026 1364 1078 1406 de
1104 1364 1168 1406 his
1197 1364 1349 1406 scilicet
1381 1363 1580 1413 omnibus,
1606 1379 1698 1419 quae
1723 1363 1807 1405 bel-

118 1430 311 1485 {l‘dffgffl'fff'
338 1434 422 1475 lum
446 1431 638 1488 consequi
662 1430 818 1472 solent:
858 1430 982 1472 etiam
1006 1430 1058 1472 de
1084 1430 1267 1480 insolitis,
1293 1429 1326 1471 si
1355 1430 1453 1486 quid
1485 1430 1568 1471 tale
1593 1429 1807 1486 jusserunt

122 1491 265 1547 ain-{de
337 1505 410 1542 aut
449 1502 678 1547 suaserunt,
715 1502 788 1539 aut
828 1511 920 1538 cum
955 1496 1156 1552 impedire
1195 1502 1362 1552 possent
1396 1510 1479 1537 non
1515 1495 1804 1552 impedierunt.

394 1605 409 1627 ἃ
436 1605 478 1635 Ut
496 1605 533 1642 is,
553 1603 608 1642 qui
624 1602 769 1632 damnum
791 1601 884 1637 dedit,
903 1600 967 1630 sive
988 1599 1037 1629 in·
1104 1601 1172 1630 153.
1200 1599 1218 1638 ἓ
1248 1601 1297 1629 20.
1326 1600 1417 1629 Edit.
1445 1599 1658 1637 Benedictin.)
1695 1599 1730 1629 Si
1758 1609 1808 1629 res

334 1654 523 1694 terficierde,
547 1655 611 1683 sive
636 1662 686 1682 res
714 1651 948 1689 corrumpendo,
975 1650 1039 1679 sire
1104 1651 1220 1686 aliena,
1232 1653 1363 1688 propter
1377 1659 1470 1688 quam
1479 1654 1641 1687 peccatum
1652 1653 1706 1687 est,
1717 1650 1808 1679 reddi

332 1705 464 1745 praedas
495 1704 626 1743 aqendo,
661 1703 696 1731 id
730 1703 831 1740 ipsum
866 1700 1036 1738 νεεανείαἰ]
1100 1701 1211 1738 possit,
1240 1703 1268 1728 et
1290 1709 1350 1727 non
1372 1699 1525 1735 redditur,
1546 1701 1725 1737 poenz'tentia
1747 1709 1809 1728 non

339 1755 435 1785 Num.
457 1765 485 1784 v.
505 1755 533 1791 6,
555 1756 583 1783 7.
626 1753 840 1790 Hieronymus
863 1751 906 1780 ad
928 1750 1037 1779 Rusti·
1105 1751 1222 1788 ayitur,
1243 1749 1298 1778 sed
1317 1749 1493 1778 simulatur.
1531 1750 1656 1778 Retulit
1679 1750 1807 1779 Gratia-

337 1816 426 1836 cum:
445 1807 504 1834 hec
525 1804 670 1843 dzffkrtur
684 1802 810 1831 ultionis
831 1800 991 1836 sententia,
1012 1799 1041 1828 si
1106 1809 1165 1829 nus
1180 1800 1211 1827 in
1227 1808 1353 1828 causam
1369 1807 1440 1827 ΧΠ.
1458 1799 1632 1837 quaestione
1647 1800 1685 1829 vi.
1701 1809 1727 1829 c.
1744 1801 1771 1828 1.

337 1866 397 1884 non
424 1854 598 1883 reddantur
625 1852 781 1881 universa.
818 1851 886 1890 [Nil
911 1850 954 1879 ibi
975 1850 1040 1879 tale
1166 1856 1180 1870 e
1200 1849 1307 1888 Neqat
1327 1853 1423 1887 yrata
1445 1849 1505 1878 sibi
1526 1858 1589 1878 esse
1602 1849 1728 1886 jejunia
1757 1860 1807 1879 eo-

338 1905 424 1943 apud
447 1901 649 1941 Hieronym.]
694 1901 896 1939 Augustinus
918 1900 950 1928 in
973 1900 1040 1937 epi·
1107 1909 1186 1936 rum,
1215 1899 1269 1938 qui
1296 1908 1356 1927 non
1376 1898 1450 1935 jure
1485 1901 1593 1937 captos
1620 1899 1808 1936 detinebant]

338 1955 421 1984 stola
430 1954 474 1983 ad
485 1953 717 1989 IlIacedonz'um,
729 1960 800 1989 quae
815 1954 863 1979 est
878 1958 945 1979 LIV.
961 1950 1040 1987 (Ep.
1108 1949 1212 1978 Locus
1234 1951 1282 1977 est
1301 1948 1434 1978 illustris
1455 1947 1559 1978 Esaiae
1580 1948 1655 1979 lviii.
1680 1951 1709 1986 5,
1730 1949 1758 1986 6,
1778 1950 1808 1980 7.

340 2120 472 2161 virtue,
501 2117 571 2153 but
597 2117 661 2152 the
687 2119 848 2151 customs
874 2115 916 2150 of
940 2118 1075 2151 states:
1108 2115 1182 2150 and
1208 2114 1257 2150 he
1287 2115 1420 2161 speaks
1447 2113 1490 2149 of
1515 2113 1579 2149 the
1605 2114 1810 2160 legitimate

340 2187 485 2221 wrongs
506 2174 673 2209 inflicted
693 2174 742 2220 by
762 2174 827 2208 the
845 2175 1023 2208 Romans.

412 2234 482 2268 III.
534 2233 644 2273 First,
662 2231 763 2272 then,
779 2242 833 2265 we
850 2242 926 2276 say,
944 2231 1025 2265 that
1043 2230 1076 2264 if
1093 2230 1157 2265 the
1175 2241 1285 2265 cause
1298 2229 1341 2265 of
1357 2241 1431 2264 war
1448 2229 1495 2264 be
1515 2229 1652 2274 unjust,
1666 2227 1810 2273 though

341 2290 407 2326 the
437 2301 512 2324 war
536 2289 585 2324 be
609 2289 758 2334 regular
787 2289 826 2322 in
857 2299 1023 2328 manner,
1053 2288 1103 2322 all
1135 2292 1212 2322 acts
1240 2287 1375 2322 thence
1405 2286 1543 2331 arising
1574 2296 1637 2319 are
1673 2285 1811 2330 unjust,

340 2348 539 2392 according
554 2351 592 2381 to
608 2346 770 2380 internal
784 2345 965 2390 injustice.
1000 2345 1084 2378 And
1102 2345 1151 2378 all
1167 2345 1248 2379 who
1265 2348 1418 2390 operate
1431 2342 1643 2387 knowingly
1663 2342 1702 2375 in
1719 2341 1811 2376 such

341 2409 432 2446 acts,
450 2416 492 2439 01·
509 2407 737 2450 co·operate,
757 2413 821 2437 are
840 2403 877 2435 in
896 2402 960 2436 the
977 2402 1137 2436 number
1154 2402 1197 2436 of
1217 2402 1323 2436 those
1341 2400 1423 2435 who
1441 2404 1578 2434 cannot
1599 2402 1706 2433 enter
1730 2399 1810 2434 into

340 2462 405 2497 the
418 2462 597 2507 kingdom
615 2460 658 2495 of
670 2460 812 2494 heaven
826 2459 982 2494 without
996 2464 1222 2505 repentance
1236 2459 1295 2493 for
1309 2458 1406 2492 their
1427 2461 1516 2491 acts.
1554 2457 1649 2490 Now
1662 2459 1811 2501 repent-

340 2531 443 2560 ance,
465 2519 498 2554 if
521 2519 611 2553 time
633 2517 706 2552 and
732 2517 975 2563 opportunity
995 2516 1043 2551 be
1072 2516 1241 2561 granted,
1261 2516 1427 2561 requires
1448 2514 1672 2548 restitution.
1725 2512 1812 2547 And

340 2576 541 2617 therefore,
562 2575 647 2610 God
665 2575 829 2609 declares
850 2574 932 2608 that
953 2573 1017 2608 the
1037 2573 1193 2619 fastings
1215 2573 1258 2607 of
1274 2572 1380 2607 those
1402 2571 1483 2606 who
1505 2570 1644 2614 (Isaiah
1658 2570 1746 2604 lviii.
1771 2568 1810 2613 6)

341 2635 390 2669 do
408 2638 474 2668 not
492 2633 648 2668 unloose
666 2633 794 2677 unjust
813 2631 934 2666 bonds
956 2642 1019 2665 are
1036 2635 1103 2665 not
1123 2630 1286 2675 grateful
1303 2634 1342 2664 to
1359 2629 1449 2663 him.
1500 2628 1585 2662 And
1603 2626 1744 2670 (Jona'n
1760 2627 1810 2661 iii.

342 2691 381 2734 8)
407 2691 472 2726 the
492 2691 581 2735 king
598 2690 640 2725 of
653 2688 827 2724 Nineveh
848 2688 1077 2734 proclaimed
1095 2699 1117 2722 a
1133 2687 1218 2729 fast,
1236 2687 1318 2721 that
1337 2686 1400 2720 the
1417 2685 1552 2731 people
1570 2684 1689 2729 might
1707 2694 1812 2719 cease

340 2748 439 2783 from
463 2748 648 2782 violence:
676 2745 991 2791 acknowledging,
1011 2745 1061 2791 by
1082 2756 1104 2778 a
1124 2744 1273 2778 natural
1290 2743 1460 2789 impulse,
1478 2743 1560 2777 that
1585 2744 1812 2786 repentance

341 2816 413 2839 was
440 2805 514 2839 idle
535 2804 691 2839 without
712 2803 802 2838 such
827 2803 1080 2837 amendment.
1131 2801 1216 2836 And
1237 2800 1327 2835 such
1352 2811 1406 2834 we
1430 2799 1508 2833 find
1527 2798 1590 2834 the
1601 2798 1811 2843 judgment,

340 2866 407 2895 not
426 2861 513 2906 only
531 2862 573 2895 of
591 2861 795 2895 Christians
811 2860 884 2894 and
903 2860 1012 2901 Jews,
1031 2859 1100 2893 but
1122 2859 1165 2893 of
1181 2857 1462 2892 Mahomedans.

413 2918 479 2951 IV,
527 2917 607 2951 The
631 2918 845 2952 restitution
869 2917 899 2951 is
921 2917 1006 2958 due,
1033 2916 1132 2951 from
1152 2915 1217 2950 the
1242 2915 1395 2949 authors
1417 2913 1460 2948 of
1484 2912 1549 2947 the
1570 2922 1655 2952 war,
1680 2909 1740 2945 for
1760 2910 1810 2944 all

341 2974 431 3010 evils
453 2973 636 3008 inflicted:
664 2974 738 3008 and
755 2974 814 3008 for
834 2973 1015 3019 anything
1031 2972 1192 3008 unusual
1211 2971 1331 3006 which
1348 2970 1437 3017 they
1449 2969 1543 3004 have
1561 2968 1670 3010 done,
1687 2978 1730 3002 or
1745 2971 1812 3002 not
