1971 3326
178 199 264 243 436

230 325 337 352 tarum
353 321 386 350 in
400 319 485 350 bello
499 317 539 348 in'
543 318 617 358 jure
630 317 727 347 dubio
742 316 902 356 quomodo
916 318 998 345 tem-

232 371 381 410 peranda.
403 370 447 400 iii.
463 369 512 406 16,
528 369 548 399 6

193 422 446 453 Restitutionem
468 420 522 459 qui
544 420 682 449 debeant
699 418 731 447 in
746 417 882 446 solidum
895 415 946 445 vel
961 424 1000 444 ex

233 475 338 512 parte.
359 472 391 501 ii.
407 472 456 507 17,
472 472 518 506 11,
535 472 565 505 1,
582 469 609 499 &1
625 471 654 505 3,
670 469 719 502 10,
734 469 753 495 4

196 521 426 552 Restitutionis
447 519 601 558 obligatio
627 526 666 546 ex
687 516 772 544 bello
794 514 923 553 injusto.
954 513 998 543 iii.

235 573 356 609 1Qa4

193 622 393 652 Restitutum
416 619 559 648 debitum
577 626 617 646 ex
637 625 701 654 quo
716 614 791 653 jure
812 613 943 643 oriatur.
965 613 997 642 ii.

233 673 281 708 17,
295 672 326 707 8,
341 671 360 700 9

193 719 449 751 Resurrectionis
474 727 548 756 spes
570 726 610 747 an
635 725 730 745 causa
751 714 935 753 sepeliendi.
965 713 999 743 ii.

234 772 283 808 19,
297 772 326 807 2,
340 771 361 800 3

194 822 368 852 Revocatio
382 818 608 859 promissionis.
636 817 712 847 Vide
726 815 908 845 Promissio.

194 875 298 903 Reum
304 872 406 911 judici
421 870 571 905 eximens,
586 869 704 898 crimen
719 866 903 896 committit.
918 865 960 894 iii.
973 866 1001 902 1,

234 925 264 961 5,
278 926 298 953 3

194 975 266 1004 Rex
285 982 367 1004 unus
388 981 456 1002 esse
471 973 580 1010 potest
598 970 739 1009 plurium
753 976 925 1007 regnorum
941 966 1003 994 dis-

235 1023 420 1053 tinctorum.
442 1022 462 1050 i.
478 1023 506 1057 3,
522 1022 550 1057 7,
565 1022 594 1049 2.
637 1020 689 1049 An
704 1029 738 1048 se
757 1019 907 1048 adversus
925 1025 1003 1045 con-

235 1075 375 1102 tractum
396 1071 564 1101 restituere
585 1070 697 1108 possit.
719 1069 752 1099 ii.
770 1070 818 1104 14,
833 1069 862 1103 2,
877 1068 905 1096 2.
948 1066 1002 1095 An

232 1123 413 1161 juramento
435 1123 593 1150 teneatur.
615 1120 647 1148 ii.
667 1120 715 1155 14,
730 1120 759 1148 3.
803 1118 908 1146 Actus
929 1124 1002 1144 suos

234 1172 375 1210 privatos
396 1170 501 1208 alege
520 1171 628 1207 potest
649 1168 795 1197 eximere.
818 1166 849 1194 ii.
866 1167 913 1200 14,
927 1166 958 1200 2,
973 1165 1002 1193 2.

237 1221 372 1252 Subdito
391 1229 481 1249 suum
498 1219 645 1248 auferens
660 1217 755 1246 debet
770 1214 1003 1253 compensatio-

235 1282 308 1302 nem
330 1272 435 1300 facere
457 1280 495 1299 ex
517 1267 688 1298 communi.
709 1267 741 1296 ii.
759 1268 806 1302 14,
822 1267 850 1296 7.
893 1265 1002 1302 Popu-

235 1324 301 1352 lum
318 1325 374 1351 aut
395 1328 590 1350 successores
612 1328 675 1347 non
698 1318 821 1356 obligat
842 1316 874 1345 in
898 1315 1004 1344 infini-

236 1376 318 1403 tum.
339 1372 372 1401 ii.
395 1372 445 1405 14,
469 1372 516 1406 12,
536 1372 565 1406 1,
579 1369 608 1405 6,
630 1372 662 1398 et
687 1371 847 1406 quatenus
868 1366 1001 1404 obliget.

236 1423 313 1452 ibid.
344 1421 510 1459 Stipendia
532 1429 596 1448 non
611 1419 736 1447 solvens
751 1420 880 1447 tenetur
893 1416 1004 1445 vicinis

238 1474 276 1502 de
291 1472 414 1501 damnis
430 1471 523 1500 datis.
545 1470 588 1499 iii.
606 1470 655 1503 17,
671 1470 701 1504 2,
715 1470 744 1504 3,
762 1469 792 1497 4.
834 1466 942 1495 Minor
963 1474 1003 1494 an

239 1532 350 1562 pacem
372 1522 477 1550 facere
500 1520 609 1559 possit.
634 1519 677 1547 iii.
706 1520 755 1554 20,
779 1519 807 1547 3.
851 1516 1004 1554 Captivus

237 1582 278 1602 an
292 1581 403 1610 pacem
417 1571 523 1599 facere
538 1569 649 1607 possit.
671 1567 748 1597 ibid.
792 1565 878 1595 Exul
892 1575 931 1594 an
947 1574 1003 1603 pa-

238 1631 305 1652 cem
333 1621 437 1650 facere
464 1620 573 1657 possit.
606 1617 684 1647 ibid.
734 1617 881 1646 Privatus
907 1616 948 1644 sit
974 1614 1005 1643 vi

237 1672 318 1711 legis
333 1669 567 1700 commissoriae.
589 1668 609 1697 i.
625 1670 656 1704 4,
672 1669 721 1697 12.
750 1667 881 1696 Partem
895 1664 1006 1704 populi

237 1723 375 1752 alienare
390 1730 454 1750 non
470 1722 589 1758 potest.
610 1719 640 1748 ii.
659 1719 688 1755 6,
704 1720 731 1747 4.
774 1717 885 1747 Hostis
906 1716 1006 1745 totius

237 1773 349 1812 populi
372 1780 506 1810 regnum
532 1769 669 1799 amittit:
700 1772 732 1798 et
760 1767 920 1806 quomodo
946 1766 1006 1794 1100

240 1823 441 1861 capiendum.
470 1821 491 1849 i.
518 1822 549 1856 4,
578 1821 624 1849 11.
674 1819 790 1856 Regno
818 1817 929 1855 pulsus
953 1815 1007 1854 jus

239 1873 336 1901 habet
363 1881 402 1900 ex
430 1871 559 1899 foedere.
583 1869 614 1897 ii.
646 1869 693 1904 16,
718 1870 746 1898 7.
789 1866 930 1896 Subditis
953 1865 1008 1904 jus

242 1931 335 1951 suum
356 1921 481 1949 auferre
502 1921 609 1957 potest
631 1918 663 1946 in
684 1926 830 1954 poenam:
859 1918 891 1945 et
916 1924 954 1944 ex
976 1913 1007 1942 vi

241 1971 372 2001 dominii
399 1968 675 2008 supereminentis.
697 1967 730 1996 ii.
756 1968 804 2002 14,
829 1966 855 1995 7.
898 1966 1006 2003 Impe-

240 2019 323 2047 rium
358 2016 581 2054 derelinquens
615 2014 757 2052 privatus
785 2013 833 2044 fit.
868 2013 888 2041 i.
920 2014 949 2048 4,
977 2012 1007 2043 9.

243 2069 360 2107 Regno
375 2068 496 2106 ejectus
510 2075 549 2094 an
563 2066 614 2104 jus
628 2064 758 2102 legandi
766 2064 892 2092 habeat.
914 2063 945 2092 ii.
960 2063 1008 2098 18,

241 2120 270 2155 2,
285 2120 316 2148 2.
352 2118 486 2147 Temere
500 2115 620 2144 bellum
636 2113 810 2152 suscipiens
825 2113 865 2142 ad
879 2112 1009 2141 restitu-

241 2168 360 2197 tionem
376 2165 510 2195 subditis
525 2167 665 2193 tenetur.
687 2163 720 2193 11.
734 2164 783 2199 24,
798 2163 815 2192 7

202 2219 327 2257 Regem
349 2215 468 2255 (inter)
491 2217 523 2244 et
546 2214 700 2252 populum
723 2215 835 2242 mutua
855 2212 1009 2250 subjectio

244 2277 308 2297 non
324 2269 372 2297 est
387 2265 554 2295 ordinarie.
578 2264 598 2294 i.
614 2266 643 2300 3,
657 2264 687 2300 9,
701 2265 729 2300 1,
745 2263 772 2292 ὣ
787 2264 816 2299 3,
831 2264 859 2299 8,
876 2264 913 2292 14

204 2318 313 2356 Reges
340 2318 476 2354 possunt
503 2323 571 2343 esse
600 2312 794 2343 Christiani:
833 2316 865 2342 et
892 2312 1009 2342 servire

246 2367 375 2396 Christo
390 2365 518 2400 debent,
533 2373 596 2401 qua
610 2371 702 2401 reges
717 2364 801 2391 sunt.
823 2361 843 2390 i.
856 2363 884 2398 2,
901 2362 931 2399 Τ,
942 2364 969 2398 1,
980 2363 1009 2391 2.

245 2416 382 2451 Quidam
398 2424 461 2443 non
483 2414 618 2442 subsunt
632 2411 752 2450 populo
769 2411 864 2440 etiam
883 2411 1009 2440 univer-

245 2467 304 2495 sim
326 2468 465 2503 sumpto.
487 2465 507 2493 i.
527 2465 556 2500 3,
571 2464 599 2499 8,
615 2464 642 2492 8.
684 2461 863 2500 Improprie
880 2461 966 2490 dieti.
987 2461 1009 2491 i.

246 2520 276 2556 3,
290 2518 320 2553 8,
335 2518 384 2545 11.
426 2515 500 2544 Νο11
523 2523 632 2543 0011105
651 2512 889 2542 constituuntur
910 2522 929 2541 a
950 2521 1009 2550 po-

247 2567 334 2606 pulo.
356 2567 377 2595 i.
399 2567 427 2601 3,
442 2566 470 2600 8,
486 2565 534 2593 13.
576 2564 744 2593 Persarum
769 2571 926 2591 summum
949 2562 1010 2590 im-

246 2617 370 2655 perium
397 2615 567 2650 habebant,
595 2613 740 2652 quaedam
768 2615 875 2641 tamen
906 2612 1011 2642 facere

241 2668 329 2705 juste
349 2675 413 2694 non
438 2666 598 2703 poterant.
634 2663 653 2693 i.
675 2664 704 2698 3,
727 2662 776 2699 16,
804 2664 833 2691 3.
878 2662 1010 2691 AEthio-

247 2725 335 2754 pum,
349 2714 472 2750 summi,
487 2712 630 2742 adstricti
645 2712 817 2750 promissis,
840 2712 861 2740 i.
877 2713 906 2748 3,
922 2712 970 2748 16,
979 2713 1009 2741 4.

249 2765 377 2795 Hebraei
392 2773 548 2793 summum
569 2762 735 2800 imperium
751 2762 921 2791 habebant.
944 2762 965 2792 i.
980 2763 1010 2800 3,

249 2817 300 2850 20,
328 2817 357 2844 1.

250 2865 383 2894 Asiatici
397 2873 553 2893 summum
567 2863 735 2901 imperium
747 2863 918 2892 habebant.
935 2862 1012 2892 ibid.

251 2915 386 2944 Veteres
401 2912 580 2942 Germaniae
594 2916 626 2942 et
643 2913 757 2942 Galliae
772 2921 835 2941 non
850 2912 1012 2942 habebant

208 2992 211 2995 r
249 2971 408 2995 summum
431 2962 608 2999 imperium.
646 2962 723 2990 ibid.
767 2962 906 2991 Romani
940 2970 1012 2990 cum

414 2814 568 2852 Orientis,
596 2813 713 2849 Persae,
740 2812 901 2851 AEgyptii‚
928 2811 1011 2851 Syri,

612 203 782 239 INDEX
810 200 996 237 RERUM
1025 197 1433 238 PRAEOIPUARUM,

1104 311 1226 351 populo
1240 311 1352 349 partiti
1368 318 1525 339 summum
1540 308 1720 347 imperium.
1740 309 1762 338 i.
1775 310 1805 345 3,
1819 308 1870 346 20,

1104 363 1134 391 5.
1191 361 1328 399 AEgypti
1361 359 1487 394 summi,
1523 358 1668 387 adstricti
1698 358 1873 396 promissis.

1105 411 1127 441 i.
1140 413 1169 447 3,
1184 411 1236 447 16,
1249 412 1281 440 3.
1323 409 1406 440 Cum
1421 412 1493 438 acta
1506 408 1651 446 quaedam
1666 417 1723 436 sna
1741 408 1782 437 ab
1802 407 1874 436 aliis

1106 461 1243 499 expendi
1257 460 1381 496 volunt,
1396 462 1452 488 aut
1466 458 1561 488 etiam
1582 457 1729 493 rescindi,
1750 466 1814 486 non
1834 466 1873 486 eo

1106 511 1290 550 partiuntur
1318 518 1476 538 summum
1503 507 1684 546 imperium.
1717 507 1741 537 i.
1769 509 1799 544 3,
1822 508 1873 537 18.

1109 560 1293 590 Creduntur
1315 560 1347 588 in
1370 559 1466 588 dubio
1489 558 1571 588 velle
1590 558 1680 596 sequi
1702 557 1875 587 5110005510-

1108 620 1191 647 nem,
1207 610 1309 649 qualis
1320 610 1352 638 in
1366 618 1428 638 usu
1443 611 1492 638 est
1506 609 1538 637 in
1553 608 1618 637 suis
1627 608 1719 637 locis.
1739 608 1761 638 i.
1777 608 1809 642 7,
1825 609 1874 645 11,

1107 662 1139 690 2.
1171 661 1270 690 Medii
1285 660 1439 689 deberent
1454 668 1569 698 cogere
1582 659 1750 696 bellantes,
1765 659 1806 687 ad
1820 667 1875 688 ac-

1110 711 1291 750 cipiendum
1307 719 1431 748 aequam
1446 718 1569 748 pacem.
1592 709 1626 738 ii.
1641 710 1689 745 23,
1703 710 1732 745 8,
1745 710 1774 738 4.
1809 708 1876 738 Mi-

1108 771 1201 790 nores
1223 761 1254 789 in
1276 760 1400 789 actibus
1422 759 1557 798 publicis
1577 768 1650 788 cum
1664 759 1781 788 effectu
1794 758 1876 788 obli-

1108 814 1238 850 gantur.
1260 810 1293 840 ii.
1309 812 1357 847 14,
1372 812 1399 846 1,
1416 811 1445 839 2.
1467 809 1573 839 Etiam
1589 819 1660 838 cum
1675 808 1795 838 homini
1809 817 1875 838 non

1109 861 1363 899 obstringuntur,
1389 860 1460 890 Deo
1486 860 1742 897 obstringuntur.
1771 859 1802 889 ii.
1826 860 1876 895 14,

1109 914 1138 941 3.
1169 911 1336 940 Tenentur
1351 919 1389 939 ex
1406 910 1574 948 promisso,
1590 910 1686 939 etiam
1702 918 1797 938 eausa
1810 918 1875 938 non

1110 971 1269 1000 expressa.
1292 961 1322 990 ii.
1341 963 1388 997 14,
1403 963 1432 991 4.
1474 961 1525 990 Ex
1545 960 1760 990 contractibus
1782 962 1876 990 natu-

1110 1012 1229 1048 raliter,
1244 1021 1285 1040 an
1301 1014 1334 1041 et
1347 1011 1481 1041 civiliter
1501 1010 1696 1049 obligentur.
1717 1011 1750 1040 ii.
1775 1012 1824 1047 14,
1845 1009 1878 1040 6.

1111 1063 1164 1092 An
1181 1072 1219 1091 ex
1235 1061 1382 1098 militum,
1397 1064 1453 1090 aut
1466 1064 1637 1090 nautarum
1650 1060 1736 1089 facto
1746 1062 1878 1089 tenean-

1110 1115 1172 1142 tur.
1194 1112 1226 1141 ii.
1252 1113 1299 1148 17,
1320 1113 1369 1148 20,
1390 1114 1418 1147 1,
1437 1113 1465 1141 2.
1501 1111 1671 1146 Quomodo
1692 1110 1878 1149 obligentur

1111 1172 1149 1192 ex
1163 1162 1248 1191 bello
1263 1162 1391 1200 injusto.
1415 1162 1458 1191 iii.
1476 1163 1525 1197 18,
1541 1163 1561 1190 4

1071 1213 1155 1250 Regi
1183 1221 1318 1250 regnum
1353 1212 1506 1241 alienanti
1540 1213 1698 1250 quatenus
1727 1210 1878 1240 resistere

1110 1263 1214 1293 liceat.
1237 1263 1258 1293 i.
1286 1264 1315 1299 4,
1341 1264 1391 1292 14.
1433 1262 1526 1292 Curae
1551 1271 1619 1291 esse
1642 1261 1738 1291 debet
1763 1270 1877 1300 regum

1111 1313 1205 1343 salus.
1227 1313 1271 1343 iii.
1285 1314 1315 1349 4,
1327 1315 1355 1350 1,
1368 1315 1388 1342 5

1071 1364 1172 1402 Regis
1198 1363 1282 1402 (jus)
1305 1363 1392 1401 apud
1417 1362 1610 1392 Samuelem.
1630 1361 1651 1392 i.
1673 1363 1705 1398 4,
1728 1363 1760 1391 3.
1799 1361 1877 1391 Per-

1111 1424 1189 1443 sona
1203 1414 1402 1443 inviolabilis.
1425 1414 1445 1444 i.
1461 1416 1491 1448 4,
1506 1414 1535 1449 7,
1549 1413 1578 1450 G,
1593 1416 1609 1443 'a'

1072 1465 1200 1503 Regum
1215 1464 1292 1493 fides
1306 1473 1365 1502 pro
1373 1464 1569 1501 juramento.
1593 1463 1624 1492 ii.
1641 1464 1689 1499 13,
1703 1464 1753 1500 22,
1769 1464 1796 1492 1.
1819 1462 1880 1492 Ju-

1113 1516 1173 1545 dex
1188 1515 1273 1544 solus
1290 1515 1387 1544 Deus.
1409 1514 1429 1543 i.
1446 1516 1475 1550 3,
1490 1515 1519 1550 S,
1536 1515 1582 1544 15.
1608 1514 1710 1543 Actus
1725 1523 1789 1543 non
1804 1516 1880 1543 sunt

1111 1566 1194 1595 irriti
1216 1565 1467 1594 contradictione
1489 1567 1669 1603 parentum.
1690 1564 1722 1593 11.
1745 1565 1775 1601 5,
1798 1564 1827 1601 6,
1850 1565 1879 1593 1.

1114 1616 1271 1645 Memoria
1289 1616 1449 1644 damnata.
1474 1615 1497 1644 i.
1514 1616 1545 1651 3,
1561 1614 1610 1650 16,
1624 1616 1654 1644 3.
1698 1615 1801 1644 Actus
1815 1614 1880 1653 pri-

1112 1666 1177 1694 vati
1191 1666 1316 1703 legibus
1331 1665 1551 1694 communibus
1565 1664 1700 1694 civitatis
1711 1667 1880 1703 reguntur.

1113 1717 1146 1746 ii.
1163 1717 1212 1752 14,
1227 1718 1254 1752 1,
1275 1718 1304 1745 4.
1348 1715 1424 1745 Non
1445 1716 1540 1754 plene
1562 1715 1767 1753 regnantium
1790 1717 1882 1744 actus

1113 1769 1248 1805 possunt
1261 1766 1342 1795 irriti
1357 1765 1436 1799 fieri,
1449 1775 1506 1803 per
1519 1766 1624 1804 legem
1640 1765 1762 1803 populi.
1785 1765 1817 1794 ii.
1831 1766 1881 1801 14,

1115 1818 1144 1852 2,
1160 1818 1187 1846 1.
1218 1816 1304 1846 Cura
1317 1815 1476 1854 generalis
1491 1824 1550 1854 pro
1564 1815 1717 1844 societate
1731 1815 1879 1844 humana.

1114 1866 1148 1895 ii.
1171 1868 1221 1902 20,
1241 1867 1290 1903 44,
1310 1868 1339 1896 1.
1381 1866 1446 1895 Res
1469 1865 1551 1894 fiunt
1571 1866 1657 1903 regis
1678 1865 1815 1894 victoris.
1835 1864 1881 1895 iii.

1115 1916 1245 1953 &224

1076 1967 1221 2005 Regibus
1237 1968 1337 2005 captis
1352 1976 1393 1996 an
1407 1967 1613 2005 parcendum.
1635 1966 1678 1996 iii.
1693 1967 1741 2003 11,
1756 1966 1784 2003 7,
1799 1967 1828 2003 2,
1841 1967 1862 1996 3

1076 2017 1164 2055 Ripa
1178 2017 1311 2055 privatis
1326 2018 1453 2056 quando
1468 2017 1573 2046 cedat.
1593 2017 1626 2046 ii.
1641 2018 1672 2054 8,
1687 2018 1726 2047 13

1077 2067 1170 2105 Ripae
1185 2067 1367 2106 cujus‚jure
1381 2068 1540 2097 Romano.
1561 2067 1594 2097 ii.
1608 2068 1637 2103 8,
1651 2068 1681 2096 8.
1706 2066 1809 2105 Cujus
1823 2075 1882 2096 na-

1116 2117 1273 2146 turaliter.
1294 2117 1326 2145 ii.
1342 2118 1372 2153 8,
1385 2117 1415 2152 9,
1430 2118 1478 2152 10,
1494 2117 1532 2145 13

1077 2165 1182 2194 Roma
1196 2166 1357 2204 quondam
1372 2165 1548 2195 communis
1563 2165 1678 2204 patria.
1699 2165 1742 2203 iii,
1758 2167 1810 2202 15,
1823 2167 1844 2196 3

1077 2216 1215 2245 Romani
1248 2225 1305 2245 cur
1339 2216 1600 2254 stipulationibus
1627 2216 1701 2254 plus
1727 2216 1884 2254 tribuant,

1118 2274 1212 2304 quam
1241 2265 1354 2303 pactis.
1374 2265 1406 2294 ii.
1434 2267 1482 2301 11,
1499 2266 1529 2301 4,
1551 2267 1582 2295 2.
1623 2266 1742 2304 Asperi
1764 2266 1797 2295 in
1817 2267 1884 2296 vic-

1116 2315 1208 2344 toria.
1230 2315 1272 2343 iii.
1295 2316 1343 2351 11,
1364 2315 1392 2350 7,
1412 2315 1444 2344 4.
1486 2314 1621 2344 Veteres
1641 2315 1723 2344 dolis
1743 2316 1884 2346 abstine-

1118 2366 1207 2394 bant.
1228 2364 1272 2394 iii.
1296 2366 1326 2399 1,
1348 2366 1397 2402 20,
1423 2366 1452 2394 3.
1495 2364 1626 2402 Imperii
1651 2374 1722 2403 quae
1743 2367 1884 2405 fuerunt,

1119 2414 1208 2452 cujus
1222 2422 1306 2442 nunc
1321 2413 1394 2442 sint.
1416 2413 1449 2441 ii.
1464 2413 1494 2449 9,
1505 2414 1553 2449 11,
1569 2415 1596 2442 1.
1631 2414 1697 2443 Sibi
1711 2415 1884 2452 vindicant,

1119 2473 1190 2502 quae
1205 2463 1306 2493 hostis
1320 2464 1462 2502 ipsorum
1477 2463 1546 2492 aliis
1560 2463 1730 2502 eripuerat.
1752 2465 1796 2495 iii.
1812 2466 1841 2503 6,
1855 2467 1885 2504 7,

1119 2516 1148 2551 2,
1168 2516 1200 2544 3.
1242 2513 1325 2543 Duri
1346 2513 1379 2542 in
1402 2513 1544 2552 captivos
1565 2514 1747 2552 populares.
1768 2515 1813 2546 iii.
1834 2519 1885 2553 21,

1119 2565 1168 2601 24,
1184 2566 1213 2594 1.
1255 2563 1379 2592 Eorum
1399 2563 1548 2593 instituta
1568 2564 1608 2592 ad
1627 2573 1678 2593 res
1691 2565 1820 2596 bellicas
1837 2567 1886 2597 di-

1118 2617 1216 2643 recta.
1237 2613 1314 2642 ibid.

1079 2663 1257 2693 Romanus.
1284 2663 1360 2693 Vide
1380 2663 1522 2702 Populus
1533 2665 1566 2693 et
1579 2663 1768 2703 Imperium.

1080 2713 1299 2743 Romanorum
1309 2713 1363 2752 jus
1378 2713 1411 2742 in
1425 2713 1551 2743 11110105.
1573 2714 1606 2743 11.
1620 2716 1650 2750 5,
1665 2717 1714 2745 11.
1745 2715 1885 2746 Contro-

1120 2763 1224 2792 versia
1246 2772 1318 2792 eum
1345 2763 1481 2800 Latinis,
1511 2766 1544 2792 et
1570 2764 1633 2793 alia
1653 2765 1693 2794 de
1715 2765 1885 2796 duratione

1120 2813 1257 2843 foederis.
1279 2813 1311 2842 ii.
1336 2813 1384 2849 16,
1399 2814 1448 2849 12,
1462 2815 1490 2843 4.
1532 2813 1596 2842 Jus
1616 2814 1656 2843 de
1676 2815 1884 2853 postliminio.

1121 2863 1164 2892 iii.
1180 2863 1211 2899 9,
1225 2865 1272 2900 10,
1287 2865 1316 2899 1,
1329 2864 1356 2900 2,
1372 2864 1402 2894 4.
1443 2863 1516 2892 Mos
1534 2864 1574 2893 de
1594 2864 1681 2902 agris
1700 2865 1815 2903 captis,
1836 2865 1883 2895 iii.

1121 2913 1150 2950 6,
1165 2914 1214 2950 11,
1227 2914 1257 2942 2.
1301 2912 1394 2943 Circa
1407 2913 1554 2952 praedam.
1579 2913 1622 2943 iii.
1638 2914 1669 2951 6,
1685 2915 1732 2951 14,
1746 2916 1775 2944 4.
1817 2915 1886 2944 Im-

1121 2966 1262 3001 perator,
1274 2964 1358 2993 idem
1375 2964 1607 2993 Germanorum
1620 2974 1628 2994 1
1643 2964 1738 3001 unde,
1750 2964 1782 2994 ii.
1796 2964 1826 3001 9,
1836 2966 1885 3002 11,
