1971 3326
121 163 211 200 CAP.
232 163 319 208 XL]
417 165 813 202 INTERFICIENDI
842 166 899 202 IN
929 166 1094 202 BELLO
1125 165 1298 202 JUSTO.
1512 164 1594 204 203

119 276 211 325 dat,
233 289 318 318 non
341 276 477 330 diqna
499 283 611 325 sunt,
636 276 795 331 quibus
818 277 1030 331 iynoseas.
1079 276 1234 317 Locum
1258 288 1357 317 sane
1379 275 1595 333 egregium

119 346 162 383 et
184 355 279 383 usus
303 341 469 383 maximi
499 341 708 399 integrum
730 341 856 384 latine
887 341 1020 398 posui,
1052 342 1149 398 quia
1172 340 1306 383 minus
1334 347 1448 384 recte
1472 342 1592 393 verti,

118 405 295 464 ideoque
318 422 393 450 nec
417 407 517 450 satis
540 407 717 465 intelligi
740 407 856 451 solet.

219 477 246 517 5
294 473 474 516 Michael
508 474 714 531 Ephesius
748 488 842 516 eum
872 473 1006 516 locum
1036 473 1328 531 interpretans,
1362 473 1451 531 ejus
1482 475 1593 531 quod

118 540 349 597 exspectari
367 555 450 582 non
473 539 621 597 potuit,
646 540 879 596 exemplum
898 540 1013 596 ponit
1030 540 1072 582 in
1091 555 1151 590 eo,
1177 541 1248 597 qui
1271 541 1380 583 fores
1401 541 1592 597 aperiens
1610 556 1656 582 vii.
1672 557 1733 582 Nic.
1749 557 1787 581 ιι.

117 612 280 662 patrem
314 606 432 657 laesit,
463 611 537 649 aut
566 606 608 648 in
642 606 730 648 loco
762 606 943 648 solitario
972 606 1194 662 jaculando
1221 621 1266 649 se
1296 621 1494 649 exercens
1518 607 1592 651 ali-

117 687 239 728 quem
261 672 508 715 vulneravit.
573 671 687 728 Ejus,
713 672 824 728 quod
847 672 1070 728 praevideri
1100 672 1246 727 potuit,
1272 673 1345 715 sed.
1369 673 1456 715 sine
1482 673 1589 724 dolo,

116 738 159 780 in
183 753 232 781 eo
257 739 326 795 qui
344 738 551 795 jaculatus
574 743 637 780 est
659 737 703 779 in
726 737 795 780 via
818 737 992 794 publica.
1066 737 1185 779 Idem
1216 738 1392 794 scriptor
1415 740 1591 781 necessi-

115 805 214 847 tatis
238 804 471 861 exemplum
494 803 611 861 ponit
633 803 676 846 in
700 818 761 854 eo,
786 803 856 860 qui
879 803 988 845 fame
1011 808 1084 845 aut
1107 803 1176 846 siti
1198 804 1395 861 adigitur,
1419 811 1467 847 ut
1491 805 1591 861 quid

114 870 266 914 faciat:
301 870 661 928 perturbationum
693 869 957 919 naturalium,
999 869 1042 911 in
1080 884 1234 919 amore,
1271 870 1426 921 dolore,
1462 876 1589 914 metu.

115 937 199 979 Per
233 936 511 995 ignorantiam
545 936 636 979 fieri
671 936 743 987 ait,
781 936 852 978 ubi
886 936 1040 979 factum
1075 935 1307 994 ignoratur,
1346 942 1394 979 ut
1430 936 1465 979 si
1499 937 1591 993 quis

114 1002 330 1045 mulierem
352 1002 509 1045 nesciat
531 1008 716 1059 nuptam.
761 1002 827 1045 Ab
848 1002 1067 1060 ignorante
1088 1017 1170 1044 non
1194 1017 1271 1060 per
1294 1002 1586 1060 ignorantiam,

113 1068 185 1110 ubi
202 1068 273 1124 jus
296 1068 525 1127 ignoratur.
577 1070 610 1110 J
614 1084 660 1111 us
681 1074 820 1111 autem
842 1068 1029 1127 ignorari
1051 1068 1260 1111 interdum
1285 1069 1588 1119 excusabiliter,

114 1133 323 1177 interdum
368 1135 728 1178 inexcusabiliter:
774 1150 867 1191 quae
911 1150 1003 1177 cum
1040 1135 1437 1178 Jurisconsultorum
1469 1135 1590 1178 dictis
1608 1148 1794 1208 ss'rissfijssu

114 1200 268 1257 optime
304 1207 550 1258 congruunt.
620 1202 698 1244 Est
733 1201 917 1257 ejusdem
958 1201 1193 1244 Aristotelis
1227 1201 1340 1244 locus
1374 1202 1471 1244 huic
1507 1186 1664 1244 nonian-

114 1267 321 1309 dissimilis
350 1267 457 1310 libro
488 1267 541 1310 de
569 1272 662 1309 arte
691 1267 896 1310 oratoria:
935 1270 1125 1324 oequitas
1158 1269 1360 1324 imperat,
1395 1283 1451 1311 ne
1479 1270 1590 1325 pari
1607 1286 1668 1311 Lib.
1682 1286 1700 1311 i.
1715 1287 1753 1311 13.

116 1334 205 1376 loco
233 1335 469 1377 habeamus
499 1334 692 1389 injurias
719 1342 759 1376 et
788 1336 953 1389 eulpae,
984 1349 1116 1390 neque
1140 1335 1242 1376 item
1271 1335 1425 1390 culpas
1456 1344 1496 1377 et
1525 1337 1590 1376 in-

100 1401 322 1455 fortunia.
386 1402 642 1456 Infortunia
669 1409 813 1443 autem
841 1409 953 1451 sunt,
984 1416 1079 1456 quae
1109 1415 1185 1443 nec
1208 1403 1440 1456 provideri
1460 1410 1590 1457 potu-

114 1475 250 1517 erunt,
273 1482 348 1510 nec
368 1469 560 1523 improbo
578 1468 725 1508 animo
745 1469 1039 1509 admittuntur
1054 1483 1067 1508 :
1089 1468 1238 1522 culpae,
1260 1482 1352 1523 quae
1361 1468 1592 1523 provideri

105 1541 355 1588 potuerant,
380 1548 464 1575 non
489 1541 632 1576 tamen
653 1535 848 1589 improbo
880 1535 1027 1575 animo
1041 1535 1156 1587 fiunt
1171 1549 1185 1574 :
1220 1534 1407 1588 injurice,
1433 1550 1527 1590 quoe
1551 1542 1591 1577 et

113 1600 329 1642 destinato
353 1607 393 1642 et
416 1601 563 1642 animo
593 1601 796 1655 improbo.
867 1599 968 1642 Tria
994 1599 1084 1641 haec
1110 1605 1308 1643 notarunt
1336 1606 1511 1651 veteres,
1544 1606 1587 1642 et

112 1663 156 1706 in
179 1665 249 1708 illo
274 1666 449 1709 Homeri
472 1680 594 1709 versu
617 1665 669 1707 de
693 1664 854 1707 Achille
876 1665 1028 1708 Iliados
1050 1672 1283 1723 postremo:
1605 1675 1778 1704 vs.157‚186.

290 1747 378 1780 Οὔτε
397 1744 464 1793 γάρ
485 1743 557 1780 ἐστ’
578 1743 712 1791 ἄφρων,
734 1744 804 1780 οὔτ’
825 1743 991 1787 ἄσκοπος,
1013 1745 1083 1780 οὔτ’
1102 1745 1286 1791 ἀλιτήμων.

287 1815 377 1850 Non
395 1815 525 1861 ignara
544 1814 611 1856 illi,
632 1815 729 1849 male
749 1814 915 1861 provida,
936 1827 1006 1851 nec
1027 1815 1127 1850 mala
1147 1827 1252 1851 mens
1273 1821 1341 1852 est.

215 1881 241 1922 6
292 1879 444 1921 Similis
476 1883 539 1920 est
570 1877 716 1920 divisio
748 1880 860 1935 apud
891 1879 1175 1922 Marcianum:
1214 1883 1485 1939 delinquitur
1508 1892 1587 1926 aut
1606 1898 1789 1934 L-2.§2.D.

105 1947 344 2002 proposito,
381 1954 460 1987 aut
489 1945 666 2001 impetu,
704 1954 787 1988 aut
815 1960 946 1988 casu:
976 1947 1201 2003 proposito
1232 1950 1488 2006 delinquunt
1524 1952 1587 1992 Za-
1604 1931 1742 1961 ’πωπω

113 2017 265 2062 trones,
291 2013 367 2066 qui
377 2011 620 2067 factionem
643 2012 799 2054 habent
815 2028 829 2054 .·
863 2013 1027 2068 impetu
1052 2021 1209 2064 autem,
1236 2030 1332 2057 cum
1346 2031 1431 2072 per
1454 2017 1588 2059 ebrie-

113 2085 245 2120 tatem
267 2080 328 2120 acl
351 2091 507 2120 manus
530 2085 609 2119 aut
643 2079 704 2119 ad
715 2079 891 2133 ferrum
914 2080 1090 2121 venitur
1104 2096 1117 2121 :
1153 2095 1263 2124 casu
1284 2096 1394 2132 vero,
1419 2098 1516 2125 cum
1538 2085 1587 2125 in

110 2146 308 2186 venando
341 2146 470 2187 tel-um
499 2144 547 2185 in
563 2144 714 2199 seram
749 2145 927 2187 missum
961 2147 1171 2189 hominem
1200 2149 1427 2203 interfecit.
1491 2150 1587 2191 Duo

111 2208 194 2260 illa,
220 2224 313 2266 quae
334 2209 544 2266 proposito
574 2215 616 2252 et
639 2209 796 2266 impetu
823 2210 942 2264 fiunt,
975 2212 1084 2254 hunc
1106 2212 1149 2254 in
1178 2214 1344 2256 modum
1370 2214 1587 2273 distinguit

113 2275 283 2318 Cicero:
324 2278 410 2318 Sed
439 2277 488 2317 in
514 2277 631 2318 omni
661 2276 880 2330 injustitia
898 2280 1164 2331 permultum
1193 2281 1381 2332 interest,
1418 2284 1587 2324 eutrum
1607 2292 1799 2324 De0ffi0-1·8·

104 2344 435 2397 perturbatione
458 2343 612 2396 aliqua
643 2343 796 2391 animi,
822 2357 915 2396 quae
940 2345 1191 2402 plerumque
1217 2348 1355 2390 brevis
1378 2356 1439 2391 est
1464 2356 1503 2390 et
1527 2349 1589 2389 ad

111 2450 191 2483 sunt,
211 2447 276 2476 sive
289 2447 374 2486 quod
387 2447 585 2486 occupaverit
597 2457 647 2476 eos
661 2447 812 2486 iqnoran-
883 2458 950 2488 quae
964 2451 1148 2490 plerumque
1170 2453 1272 2482 brevis
1293 2456 1338 2482 est
1355 2454 1443 2483 etad
1461 2458 1588 2493 tempus,

111 2497 170 2534 tia,
182 2497 245 2526 sive
254 2497 338 2535 quod
345 2497 459 2526 oblivio
470 2497 680 2535 supervenerit
691 2497 812 2536 aliqua,
882 2509 925 2528 an
939 2502 1078 2530 consulto
1097 2505 1126 2531 et
1140 2503 1277 2540 coqitato
1288 2504 1355 2540 fiat
1372 2503 1505 2541 injuria]
1529 2505 1588 2534 Se-

112 2546 162 2575 his
189 2547 283 2575 etiam
307 2547 404 2583 ipsos,
432 2547 487 2584 qui
508 2546 595 2575 mala
622 2550 693 2575 sunt
708 2547 812 2584 passi,
882 2558 960 2579 neca
974 2550 1011 2579 cle
1025 2551 1085 2580 Ira
1101 2560 1123 2580 1.
1140 2551 1188 2581 16.
1228 2551 1373 2581 Dimittit
1391 2561 1478 2589 scfpe,
1496 2553 1526 2581 si
1540 2554 1587 2583 in-

110 2605 229 2634 aequum
242 2599 287 2625 est
300 2596 420 2624 veniam
433 2596 520 2626 dare.
560 2596 572 2633 (
580 2596 659 2634 Cap.
673 2596 722 2634 9.)
881 2599 996 2638 telliqit
1010 2609 1069 2628 non
1084 2610 1121 2629 ez·
1136 2601 1201 2629 alto
1216 2601 1320 2629 venire
1334 2602 1514 2639 nequitiam,
1532 2604 1588 2633 sed

171 2650 184 2666 e
210 2646 321 2675 Utrum
330 2645 566 2683 perturbatione
580 2646 692 2684 aliqua
705 2647 813 2683 animi,
879 2657 1006 2685 summo,
1040 2650 1126 2687 quod
1157 2650 1257 2687 aiunt,
1289 2651 1393 2680 animo
1426 2652 1585 2684 z'nhoerere.

110 2812 292 2848 Aristotle
312 2812 351 2848 in
370 2812 427 2848 his
448 2813 626 2849 Rhetoric.
672 2812 757 2848 And
775 2814 839 2850 the
856 2815 1023 2851 ancients
1045 2820 1158 2863 quote
1175 2817 1318 2853 Homer
1337 2821 1376 2854 to
1397 2818 1462 2855 the
1481 2830 1583 2856 same

112 2870 233 2905 effect.

181 2930 203 2962 6
234 2927 267 2962 A
287 2927 428 2964 similar
450 2927 606 2963 division
630 2928 660 2963 is
677 2928 786 2974 given
814 2928 853 2963 in
877 2929 1055 2970 Marciam,
1086 2931 1130 2967 of
1151 2931 1280 2968 delicts
1297 2934 1494 2980 proposito,
1515 2934 1582 2969 im-
