1971 3326
160 421 239 446 Diod.
253 421 309 446 xix.
323 422 360 450 73.

159 483 217 508 Lib.
232 483 248 508 i.
262 485 294 508 (Ie
305 485 360 510 Civ.

161 515 222 546 Dei,
235 522 256 539 c.
271 516 292 540 l.

162 1543 194 1566 L.
207 1542 245 1566 43.
260 1542 292 1566 D.
305 1542 338 1567 cle

164 1573 248 1603 Κεῖῳ.

381 159 466 200 242
555 165 1027 202 TEMPERAMENTUM
1059 165 1210 201 CIRCA
1238 165 1609 203 VASTATIONEM
1668 167 1764 213 [LIB.
1781 169 1853 205 111.

380 274 603 333 religionis.
663 276 752 318 Imo
785 282 828 318 et
858 275 1090 317 hominibus
1121 275 1172 317 ob
1208 275 1362 332 templa
1391 275 1505 333 parci
1534 276 1710 328 solitum,
1740 279 1852 336 quod

381 343 451 396 (ne
481 343 749 399 profanarum
779 342 976 399 gentium,
1008 355 1101 397 quae
1129 341 1260 384 multa
1290 348 1386 384 sunt
1415 343 1619 399 exempla,
1649 345 1849 394 adferam,

382 408 535 465 quippe
567 424 659 451 cum
696 422 851 450 morem
883 408 993 449 hunc
1021 405 1140 451 κοινοὶ
1163 411 1251 451 τῶν
1270 405 1497 462 Ἑλλήνων
1527 405 1682 461 νόμιμα
1715 411 1851 467 Scrip-

380 479 491 517 tores
515 476 677 529 vocent)
701 474 782 515 min
805 473 954 516 Gothis
977 474 1122 516 Romae
1146 474 1382 531 captoribus
1406 475 1462 517 sic
1485 475 1629 518 laudat
1653 476 1852 534 Augusti-

379 555 480 583 nus:
505 543 747 583 ntestantur
770 542 847 582 boc
870 548 1115 595 martyrum
1140 542 1234 583 loca
1257 550 1296 584 et
1319 543 1513 584 basilicae
1536 543 1850 598 Apostolorum,

379 622 478 663 quie
501 609 549 649 in
572 608 656 649 illa
679 608 922 650 vastatione
939 608 1073 649 victos
1095 609 1156 650 ad
1179 623 1221 650 se
1240 610 1529 664 confuyientes
1551 624 1648 652 suos
1672 610 1853 652 alienos-

378 688 455 729 que
489 682 736 730 receperunt
751 690 764 715 .·
799 675 1014 729 hueusque
1049 683 1252 717 cruentus
1286 676 1487 718 soeviebat
1521 676 1755 718 inimicus:
1789 677 1854 718 ibi

379 741 622 795 accipiebat
656 741 835 783 limitem
868 741 1177 783 trucidationis
1197 742 1366 796 ficror:
1411 743 1489 784 illo
1523 743 1789 784 ducebantur
1823 757 1855 784 a

379 808 686 849 miserantibus
720 808 922 856 hostibus,
956 808 1115 862 quibus
1156 807 1350 861 (⁰malin1,
1383 810 1468 863 qui,
1507 822 1602 850 nam
1638 808 1855 866 distinguit

379 872 563 916 mitiores
584 888 609 915 a
633 872 884 928 durioribus)
906 875 1039 915 etiam
1071 879 1196 915 extra
1224 875 1325 929 ipsa
1362 875 1457 917 loca
1474 883 1770 930 pepercerant,
1803 890 1855 918 ne

379 940 428 980 in
451 955 518 982 eos
541 942 822 989 incurrerent,
846 941 924 995 qui
947 940 1128 982 similem
1152 941 1499 982 misericordiam
1519 955 1603 982 non
1626 941 1854 983 haberent:

380 1007 458 1061 qui
480 1014 621 1049 tamen
640 1008 772 1048 etiam
789 1007 878 1061 ipsi
894 1006 1006 1047 alibi
1025 1013 1162 1048 truces
1184 1014 1313 1061 atque
1330 1007 1480 1048 hostili
1499 1021 1614 1049 more
1637 1008 1855 1050 soevientes

380 1074 692 1127 I’posteaquam
722 1074 781 1113 ad
807 1073 898 1114 loca
919 1072 1003 1113 illa
1032 1073 1268 1121 veniebant,
1301 1073 1378 1114 ubi
1394 1074 1551 1126 fuerat
1574 1074 1855 1116 interdictum

382 1139 495 1194 quod
522 1140 635 1180 alibi
657 1139 761 1192 jure
794 1139 894 1180 belli
929 1138 1133 1186 licuisset,
1170 1146 1260 1180 tota
1291 1140 1496 1181 saeviendi
1525 1140 1855 1194 resi-cenabatur

381 1206 649 1254 immanitas,
676 1213 715 1247 et
739 1205 999 1260 captivandi
1023 1205 1250 1259 cupiditas
1260 1206 1573 1260 fi²anyebatur.

474 1271 575 1314 VH.
629 1273 653 1312 1
701 1270 824 1321 Quod
849 1269 900 1312 de
918 1269 1045 1312 sacris
1069 1270 1166 1320 dixi,
1191 1270 1301 1313 idem
1325 1271 1377 1314 de
1398 1270 1599 1328 religiosis
1622 1270 1854 1329 intelligen-

381 1337 478 1379 dum
509 1342 585 1386 est,
622 1337 746 1380 etiam
782 1337 833 1379 de
868 1336 929 1386 iis,
967 1350 1061 1392 quae
1095 1336 1137 1378 in
1172 1337 1370 1379 honorem
1405 1344 1661 1380 mortuorum
1695 1343 1855 1380 structa

381 1408 501 1446 sunt:
534 1418 630 1445 nam
655 1409 698 1446 et
721 1404 821 1452 haee,
849 1417 1084 1458 quanquam
1102 1402 1173 1459 jus
1195 1403 1381 1461 gentium
1405 1403 1692 1460 impunitatem
1715 1403 1789 1445 irae
1811 1403 1854 1446 in

380 1469 459 1512 ista
493 1470 734 1512 exercendae
771 1469 971 1526 indulget,
1012 1468 1156 1511 violari
1195 1484 1276 1511 non
1318 1476 1487 1526 possunt
1528 1469 1607 1512 nisi
1647 1474 1855 1512 contemta

380 1535 647 1579 humanitate.
720 1536 932 1578 Summam
956 1549 1045 1577 esse
1077 1535 1280 1578 rationem
1299 1536 1416 1579 aiunt
1441 1535 1736 1592 jurisconsulti,
1761 1550 1856 1593 quae

442 1660 465 1675 m
487 1654 527 1683 In
541 1653 666 1684 Gotthis
679 1653 789 1683 Romoe
803 1650 1000 1691 captoribus]
1022 1651 1087 1681 Sub

383 1704 513 1735 Alarico
536 1704 681 1734 Ariano:
710 1704 798 1741 cujus
827 1705 860 1732 et
884 1703 944 1731 hoc
965 1702 1086 1731 factum

383 1755 588 1784 memorabile
609 1755 694 1792 apud
714 1753 938 1782 Cassiodorum
954 1760 1019 1781 ΧΠ.
1038 1752 1087 1780 20.

384 1805 454 1834 Reiz:
470 1804 642 1833 Alariclius
660 1803 798 1842 apostoli
812 1802 903 1831 Petri
925 1810 1004 1830 vasa
1021 1801 1089 1829 suis

385 1854 592 1891 deferentibus
606 1863 673 1883 cum
688 1853 864 1890 eaecepisset,
888 1861 969 1887 mox,
991 1854 1025 1880 ut
1042 1850 1090 1879 rei

386 1912 514 1933 causam
537 1904 647 1932 habita
669 1903 914 1941 interroqatz'one
937 1901 1089 1939 coqnevit,

386 1954 490 1982 sacris
513 1953 671 1982 liminibus
690 1951 853 1989 deportari
875 1950 1091 1987 diripientium

386 2003 529 2032 manibus
557 2002 734 2040 imperavit,
773 2004 807 2029 ut
839 2000 997 2038 cupiditas
1025 2009 1090 2037 quae

387 2052 632 2091 depraedationis
654 2051 770 2080 ambitu
792 2049 964 2078 admiserat
983 2049 1091 2085 scelus,

387 2103 547 2133 devotione
560 2101 742 2140 larqissima
758 2100 870 2129 deleret
884 2107 1048 2128 arcessunt.

446 2158 462 2173 ¹¹
488 2154 654 2182 Testantur
665 2152 723 2180 hoc
732 2153 905 2188 martyrum
920 2148 1007 2186 loca]
1025 2149 1091 2177 Ex-

388 2203 513 2242 scripsit
533 2203 617 2232 hunc
638 2202 741 2232 locum
765 2200 906 2229 Isidorus
934 2199 967 2227 in
988 2198 1091 2228 Chro-

1153 1652 1231 1681 nieis
1248 1653 1407 1682 Gotthicis
1422 1653 1503 1682 AEra
1518 1660 1602 1682 cccc
1610 1660 1719 1682 XLvn.

1213 1707 1228 1723 ⁰
1249 1701 1376 1739 Ilsalim,
1401 1701 1470 1741 qui]
1509 1702 1648 1731 Omnino
1675 1702 1720 1731 sic
1746 1701 1857 1740 legen-

1155 1752 1231 1781 dum
1256 1752 1396 1781 ostendit
1424 1751 1568 1789 Orosius,
1597 1751 1729 1780 eandem
1757 1751 1859 1781 histo-

1155 1802 1234 1830 riam
1262 1801 1402 1831 referens
1428 1801 1499 1830 Lib.
1516 1809 1578 1829 vn.
1607 1810 1633 1830 c.
1651 1802 1700 1830 28.
1755 1800 1860 1840 [Nihil

1156 1854 1282 1880 mutant
1318 1854 1424 1880 tamen
1460 1850 1613 1889 postremi
1647 1850 1806 1887 Editores,
1841 1860 1859 1880 e

1155 1898 1276 1928 familia
1309 1899 1539 1928 Monachorum
1567 1897 1858 1928 Benedictinorum.

1157 1949 1194 1979 J.
1209 1947 1270 1986 R]

1217 2005 1233 2026 P
1262 1999 1476 2037 Posteaquam
1503 1997 1548 2027 ad
1574 1998 1645 2028 loca
1671 1998 1732 2029 illa
1757 1999 1858 2028 venie-

1158 2046 1247 2085 bant]
1298 2047 1426 2076 Eisdem
1460 2046 1677 2084 apostolorum
1721 2046 1859 2075 basilicis

1161 2096 1279 2126 Gotthi
1302 2096 1360 2125 sub
1383 2095 1494 2134 Vitige
1517 2095 1654 2124 Romam
1678 2095 1860 2125 obsidentes

1158 2149 1381 2186 pepercerunt,
1409 2148 1492 2175 teste
1511 2145 1668 2184 Procopio
1696 2146 1858 2176 Gotthico-

1158 2206 1227 2226 rum
1242 2205 1279 2226 11.
1296 2196 1377 2235 (cap.
1393 2196 1438 2233 4.)
1471 2196 1578 2226 Etiam
1592 2196 1733 2226 barbaris
1747 2199 1780 2227 et
1794 2205 1859 2226 non

390 2367 455 2404 the
484 2367 664 2414 temples3
688 2367 801 2413 being
829 2365 871 2401 of
898 2365 963 2401 the
984 2377 1084 2401 same
1109 2366 1267 2412 religion
1294 2375 1334 2399 as
1358 2363 1423 2399 the
1450 2363 1604 2406 Greeks,
1620 2363 1743 2399 whom
1767 2364 1858 2410 they

390 2425 614 2471 conquered.
661 2424 747 2458 And
765 2435 857 2459 even
877 2435 964 2459 men
986 2435 1081 2458 were
1102 2422 1313 2468 commonly
1332 2421 1466 2467 spared
1488 2432 1537 2456 on
1557 2425 1715 2457 account
1732 2422 1776 2456 of
1792 2422 1857 2457 the

390 2483 560 2529 temples,
588 2493 627 2517 as
659 2480 743 2525 (not
765 2485 805 2516 to
835 2481 980 2516 adduce
1002 2480 1189 2526 cxamplcs
1210 2480 1253 2514 of
1273 2478 1436 2514 heathen
1463 2479 1623 2520 nations,
1649 2478 1769 2513 which
1793 2490 1858 2514 are

389 2551 602 2581 numerous,
638 2538 830 2574 inasmuch
866 2549 905 2573 as
942 2538 1083 2572 writers
1119 2537 1191 2572 eall
1220 2537 1294 2571 this
1324 2537 1378 2570 the
1407 2547 1568 2570 common
1595 2547 1702 2581 usaye
1732 2538 1778 2584 of
1805 2537 1858 2571 the

394 2596 552 2640 Greeks,)
584 2597 633 2643 by
669 2596 734 2632 the
769 2595 899 2638 Goths‚
932 2595 1039 2629 when
1079 2594 1168 2642 they
1198 2594 1289 2629 took
1324 2594 1468 2635 Rome3
1499 2592 1619 2628 which
1650 2593 1858 2639 Augustine

389 2655 541 2700 praises.

461 2711 548 2745 VII.
602 2715 619 2745 1
652 2711 765 2745 What
785 2709 850 2745 has
867 2710 963 2745 been
984 2709 1064 2745 said
1082 2709 1125 2744 of
1141 2708 1270 2745 sacred
1291 2708 1426 2754 places,
1442 2718 1529 2754 may
1543 2707 1591 2742 be
1611 2707 1762 2753 applied
1779 2707 1858 2741 also

390 2771 430 2802 to
446 2768 723 2813 burial-places,
740 2768 813 2802 and
835 2772 873 2802 to
894 2767 959 2802 the
975 2770 1212 2801 monuments
1230 2765 1274 2800 of
1290 2765 1353 2800 the
1369 2764 1483 2800 dead:
1511 2764 1571 2799 for
1586 2764 1702 2805 these,
1714 2763 1858 2809 though

392 2824 457 2858 the
484 2826 571 2859 Law
593 2825 635 2859 of
652 2826 688 2859 N
691 2826 810 2860 ations
831 2825 956 2859 allows
976 2824 1094 2858 wrath
1117 2828 1157 2858 to
1178 2823 1226 2857 do
1246 2823 1293 2857 its
1314 2822 1415 2857 work
1431 2833 1480 2856 on
1500 2821 1605 2856 them
1627 2821 1714 2855 with
1734 2821 1857 2865 impu-

392 2881 485 2926 nity,
505 2885 642 2915 cannot
668 2881 715 2916 be
737 2881 898 2916 violatcd
922 2881 1078 2916 without
1098 2880 1299 2926 trampling
1320 2891 1368 2914 on
1384 2878 1590 2924 humanity.
1636 2877 1661 2911 J
1664 2877 1772 2912 urists
1793 2887 1858 2922 say

394 2935 478 2971 that
504 2936 586 2971 that
607 2938 636 2971 is
657 2937 722 2972 the
741 2938 891 2983 highest
910 2939 1071 2979 Reason,
1092 2937 1211 2972 which
1230 2937 1260 2972 is
1281 2947 1329 2971 on
1349 2935 1413 2970 the
1429 2935 1508 2970 side
1529 2934 1572 2969 of
1585 2933 1752 2979 religion.
1806 2933 1857 2968 So
