1971 3326
351 183 435 223 232
516 187 989 223 TEMPERAMENTUM
1020 184 1172 221 CIROA
1201 184 1570 221 VASTATIONEM
1635 178 1733 233 [LIB.
1755 183 1826 218 111.

340 299 521 354 fructus
542 299 704 353 ferunt
738 296 945 338 irasceris
960 295 982 337 ,Ρ
1017 309 1076 336 an
1103 308 1202 335 vero
1231 295 1279 335 in
1311 309 1468 336 morem
1498 296 1719 337 hominum
1753 295 1830 350 qui

353 367 491 407 hostes
525 372 644 413 sunt,
682 363 927 404 inimicitiae
954 361 1310 415 siynificationem
1343 361 1518 402 arbores
1537 362 1745 415 produnt,
1782 368 1831 401 ut

352 445 433 486 pro
457 431 526 472 liis
550 445 644 485 quae
655 429 839 484 faciant
863 434 941 467 aut
951 427 1108 481 facere
1131 427 1359 467 ‘minantur
1381 427 1586 480 stirpitus
1609 427 1832 468 evellendos

353 498 442 539 sint
458 496 481 538 ,Ρ
529 497 634 551 quin
660 500 849 549 prosunt
885 493 1129 540 victoribus,
1161 492 1438 546 praebentque
1476 493 1648 547 copiam
1687 506 1832 534 rerum

354 577 465 618 quas
487 561 716 604 necessitas
739 560 885 614 eoeiyit,
912 559 999 600 imo
1022 565 1062 599 et
1086 558 1148 598 acl
1167 558 1459 612 voluptatem;
1487 572 1572 600 non
1594 558 1678 600 soli
1700 558 1833 599 homi-

354 643 427 670 nes
452 628 619 669 tributa
629 627 801 681 ferunt,
826 626 900 666 secl
923 624 1106 665 meliora
1127 625 1302 665 arbores
1325 624 1453 665 statis
1478 624 1753 678 temporibus,
1780 637 1834 665 ac

136 698 333 762 ἒῖξ-ξέόᾱὲᾗν·
357 695 470 736 talia
495 700 544 735 ut
567 693 658 735 sine
681 692 740 733 iis
762 691 904 732 vivere
926 704 1011 731 non
1034 690 1170 731 detur.
1223 689 1252 730 J
1255 689 1432 745 osephus
1456 703 1556 730 vero
1580 689 1633 730 ad
1659 689 1833 730 eundem

355 759 502 809 locum,
535 758 570 800 si
593 772 733 800 vocem
758 756 883 798 edere
907 760 1075 811 possent
1105 754 1277 796 arbores
1308 754 1556 797 clamaturas
1588 754 1658 805 ait,
1695 754 1835 809 inique

357 840 402 869 se
443 840 535 867 cum
566 823 664 866 belli
698 836 833 865 causae
867 836 950 863 non
993 820 1076 862 sint
1113 816 1301 876 pefferre
1339 820 1437 862 belli
1469 835 1621 876 poenas.
1687 821 1835 875 Neque

359 891 537 940 aliunde,
573 889 616 932 ni
650 888 783 938 fallor,
820 887 1024 944 originem
1058 886 1186 928 habet
1220 885 1323 928 illud
1357 886 1687 943 Pythagoricum
1722 885 1835 942 apud

142 956 667 1028 >13³²}iVQ-Uss'ytlt·Jamblichum:
710 952 864 1015 ἥμερον
900 950 1046 1015 φυτὸν
1077 950 1147 995 καὶ
1184 946 1409 1012 ἔγκαρπον
1440 949 1554 1004 μήτε
1589 949 1835 1008 βλάπτειν,

195 1014 230 1034 ·.s
277 1018 284 1026 .

361 1075 524 1106 ἔνσπονδα
553 1073 607 1103 καὶ
636 1072 802 1110 ὠφέλιμα·
836 1070 882 1100 *ra*
910 1071 935 1100 δ’
960 1069 1064 1107 ἥμερα

361 1125 415 1155 καὶ
440 1124 668 1162 διαφερόντως
688 1122 868 1158 α’ναγκαῖα,
890 1120 933 1149 ὧν
952 1120 968 1149 ὁ
988 1131 1066 1157 καρ-

361 1176 424 1204 πὸς
443 1174 461 1210 ἢ
480 1173 595 1211 τροφή
611 1173 716 1209 ἐστιν,
737 1171 756 1206 ἦ
777 1171 931 1208 ἰσότιμον
950 1170 1067 1207 τροφῇ

361 1226 485 1261 κτῆμα.
514 1224 550 1252 οὐ
575 1224 624 1252 δεῖ
647 1223 811 1258 πολεμεῖν
841 1220 925 1257 πρὸς
952 1219 997 1248 ‘ra‘
1022 1218 1066 1256 μή

361 1274 521 1312 πολέμια,
548 1272 732 1311 τέμνοντας
754 1270 773 1306 ἣ
797 1270 954 1299 καίοντας
977 1269 994 1304 ἦ
1017 1268 1067 1307 ῥί-

362 1325 432 1363 ζαις
453 1325 572 1353 αὐταῖς
602 1322 839 1355 cinnama-rav,
869 1319 957 1357 ἅπερ
983 1318 1068 1353 αὐτοὶ

362 1375 381 1410 ἠ
407 1375 507 1413 φύσις
532 1371 660 1402 ὑδάτων
682 1369 862 1409 ἐπιρροίαις
882 1369 936 1398 καὶ
960 1368 1068 1406 θέρους

363 1424 552 1462 εὐκρασίαις
565 1419 983 1460 ἐτελειογόντ]σε,δασμοὺς
992 1419 1069 1452 ἐτη-

364 1473 454 1502 σίους
476 1471 612 1500 οἴσοντα
631 1469 816 1506 α’νθρωπυῖς
837 1468 891 1496 οἶα
909 1466 1069 1504 βασιλεῦ-

365 1532 430 1550 σιν.
457 1518 599 1557 ἐμέλησε
619 1517 643 1546 δ’
667 1517 759 1554 αὐτῷ
781 1515 930 1553 καθάπερ
953 1514 1071 1552 ἀγαθῷ

364 1567 544 1607 προστάτῃ
558 1567 717 1601 ἄληπτον
732 1566 815 1594 εἶναι
835 1564 879 1602 μή
894 1563 994 1601 μόνον
1010 1563 1070 1600 ζώ-

353 1620 423 1655 ὀις,
433 1616 525 1647 ἀλλά
533 1616 587 1646 καὶ
598 1619 720 1654 φυτοῖς
728 1615 824 1652 ἰσχύν
832 1625 872 1643 τε
884 1613 938 1642 καὶ
949 1612 1071 1650 ῥώμην,

365 1669 420 1698 καὶ
441 1666 595 1707 μάλιστα
615 1669 688 1695 τοῖς
713 1664 856 1702 ἡμέροις,
881 1662 995 1697 ἐπειδή
1017 1663 1071 1692 καὶ

365 1720 521 1749 ’πλείονος
536 1717 617 1755 ἄξια
634 1715 811 1754 φροντίδος
827 1714 914 1748 ἐστὶ,
935 1713 989 1742 καὶ
1009 1714 1072 1751 οὐχ

367 1769 485 1807 ὁμοίως
498 1771 571 1797 τοῖς
583 1766 716 1804 -άγρῖοις
731 1764 869 1803 ἔγγονα,
886 1763 1072 1801 ’γεωργικῆς

368 1818 556 1855 ἐπιστήμης
571 1815 708 1854 δεόμενα
728 1814 813 1852 πρὸς
828 1811 1072 1850 κραταιοτέραν

368 1870 514 1906 δύναμιν·
535 1867 732 1905 AEquitatem
744 1873 833 1893 suam
844 1863 938 1892 etiam
950 1861 1073 1899 larqius

367 1919 551 1956 dispensans
570 1916 687 1950 Moses,
709 1913 802 1942 valde
823 1921 862 1941 ea
885 1912 1015 1940 ubertim
1035 1919 1074 1939 ac

368 1967 543 1998 liberaliter
565 1966 675 2001 utitur,
702 1962 883 1991 descendens
907 1970 928 1989 a
952 1960 1074 1989 ratione

368 2017 522 2047 utentibus
536 2015 581 2044 ad
592 2017 678 2042 muta
692 2011 878 2045 animantia,
890 2009 929 2038 ab
942 2009 991 2037 his
1001 2018 1073 2037 vero

370 2066 415 2096 acl
428 2075 476 2101 ea,
494 2073 562 2103 quae
577 2073 592 2092 e
606 2066 694 2092 terra
710 2062 892 2093 nascuntur,
911 2058 947 2087 de
963 2058 1074 2095 quibus

369 2125 450 2145 nunc
463 2114 626 2144 dicendum
640 2115 693 2147 est,
708 2110 834 2149 quando
849 2109 886 2137 de
902 2108 1074 2137 hominibus

369 2170 404 2195 ut
412 2163 692 2204 praestantissimis,
711 2164 738 2189 et
753 2160 838 2195 aliis,
853 2169 922 2197 qnce
937 2159 1075 2187 animam

370 2216 544 2246 sentientem
554 2216 648 2243 nacta
661 2215 741 2247 sant,
751 2210 823 2246 jam
839 2210 965 2248 aqimus,
1009 2208 1075 2238 Di-

369 2269 449 2296 serte
464 2266 569 2302 itaque
581 2262 676 2293 vetuit
690 2263 746 2290 aut
755 2259 933 2289 exscindere
947 2259 1076 2287 arbores

1132 1070 1228 1105 mites,
1251 1073 1306 1098 aul
1320 1069 1492 1099 exitialiter
1512 1071 1583 1098 ante
1602 1071 1721 1107 tempus
1737 1068 1836 1098 deme-

1133 1123 1195 1148 tere
1208 1119 1395 1158 fruqiferas
1416 1123 1528 1156 terras,
1549 1123 1605 1150 aut
1618 1120 1699 1149 ullos
1715 1121 1837 1148 omnino

1122 1170 1256 1207 finctus
1273 1178 1480 1207 corrumpere,
1502 1172 1535 1198 nt
1557 1169 1753 1198 abundantia
1775 1169 1839 1198 ali-

1133 1222 1301 1248 mentorum
1330 1220 1506 1248 instruatur
1528 1219 1693 1248 humanum
1720 1227 1835 1257 yenus:

1134 1269 1289 1298 abundent
1300 1272 1401 1298 autem
1412 1279 1471 1298 non
1486 1269 1575 1297 morlo
1587 1268 1773 1304 neccssaria,
1785 1267 1840 1296 sed

1134 1322 1162 1347 et
1183 1329 1252 1357 quse
1273 1319 1317 1348 ad
1343 1319 1439 1348 vitam
1465 1319 1677 1348 delicatiorem
1696 1318 1838 1356 faciunt.

1134 1368 1328 1398 Necessaria
1345 1370 1424 1398 enim
1434 1370 1560 1408 fruqes,
1576 1369 1620 1398 ad
1634 1369 1770 1398 homines
1783 1378 1840 1397 nu-

1136 1419 1273 1447 triendos
1293 1419 1431 1456 seposita
1452 1428 1521 1448 res.-
1552 1419 1597 1447 acl
1617 1419 1748 1448 delicias
1767 1428 1840 1447 vero

1135 1469 1269 1497 omnium
1293 1469 1330 1497 de
1352 1469 1519 1497 arboribus
1540 1469 1730 1498 nascentium
1751 1468 1840 1497 vari-

1136 1521 1221 1546 etas:
1246 1527 1315 1556 quoe
1329 1528 1419 1556 soepe,
1442 1518 1496 1546 ubi
1511 1519 1580 1547 alia
1594 1518 1751 1556 deficiunt,
1769 1527 1841 1547 suc-

1136 1565 1246 1594 cedunt
1273 1566 1305 1594 in
1339 1566 1556 1595 alimentorum
1586 1565 1696 1594 locam.
1744 1566 1841 1595 Ultra

1130 1615 1313 1653 procedens,
1328 1618 1444 1643 terram
1459 1615 1552 1643 etiam
1563 1615 1702 1643 hostilem
1717 1615 1842 1644 vastari

1136 1674 1197 1693 non
1211 1665 1307 1693 sinit:
1325 1665 1487 1702 praecipue
1507 1674 1579 1693 vero
1598 1665 1733 1694 excidiis
1746 1665 1840 1694 arbo-

1137 1725 1206 1744 rum
1220 1716 1372 1744 abstineri
1377 1715 1475 1751 jubet,
1497 1716 1636 1753 iniquam
1650 1715 1842 1751 emis-timaus,

1138 1765 1221 1793 iram
1244 1765 1276 1793 in
1299 1764 1434 1793 homines
1456 1768 1633 1803 conceptam
1653 1765 1782 1803 eroqari
1809 1766 1842 1794 in

1138 1824 1185 1852 ea,
1207 1824 1272 1853 qam
1295 1823 1394 1843 cansa
1415 1815 1492 1843 mali
1510 1814 1626 1843 nullius
1647 1817 1729 1844 sunt.
1770 1814 1844 1844 IIoc

1138 1866 1207 1903 ipso
1221 1868 1250 1893 et
1272 1864 1354 1893 illud
1372 1864 1469 1900 (locet,
1489 1873 1549 1892 non
1567 1873 1705 1901 pra-sens
1724 1867 1844 1903 tempus

1138 1918 1279 1953 spectare
1300 1917 1430 1950 tantum,
1449 1923 1517 1943 cum
1533 1914 1615 1942 nihil
1632 1915 1664 1942 in
1680 1923 1736 1943 suo
1757 1918 1842 1944 statu

1139 1967 1272 2000 maneat,
1294 1964 1350 1992 sed
1367 1968 1477 1993 cuncta
1499 1964 1618 1993 vicibus
1636 1973 1674 1994 ac
1695 1965 1842 1994 mutatio-

1139 2014 1229 2042 nibus
1242 2013 1380 2050 subjecta
1399 2014 1471 2050 sint,
1493 2014 1540 2042 ita
1560 2017 1594 2042 ut
1606 2014 1711 2052 facile
1730 2014 1771 2043 sit
1792 2023 1844 2043 eos

1140 2061 1195 2099 qui
1209 2070 1288 2089 nunc
1302 2063 1373 2089 sant
1388 2060 1497 2096 hostes,
1519 2061 1572 2089 ubi
1587 2060 1632 2089 ad
1644 2060 1802 2099 colloquia
1815 2064 1844 2090 et

1138 2113 1235 2148 pacta
1250 2112 1369 2138 ventum
1383 2109 1452 2145 erit,
1475 2118 1599 2138 rursum
1608 2110 1785 2148 faederatos
1795 2111 1843 2148 fi-

1140 2159 1197 2189 eri.
1252 2158 1295 2188 At
1322 2159 1440 2188 amicos
1467 2159 1653 2188 necessariis
1675 2159 1844 2197 fraudare

1141 2209 1263 2243 durum,
1298 2208 1410 2246 quibus
1445 2208 1482 2236 ob
1507 2208 1659 2245 futurum
1695 2207 1844 2237 incertum

1141 2259 1234 2288 etiam
1248 2257 1410 2287 asservari
1425 2257 1603 2294 debuerant,
1617 2267 1682 2295 quae
1697 2257 1768 2286 usui
1781 2266 1845 2287 esse

373 2427 508 2474 supply
537 2424 640 2464 food,
666 2435 706 2459 as
730 2433 868 2470 proper
889 2425 928 2457 to
954 2422 1001 2457 be
1026 2422 1118 2457 used
1143 2422 1202 2457 for
1229 2421 1319 2457 such
1340 2431 1542 2467 purposes3
1569 2419 1643 2454 and
1668 2419 1759 2455 adds
1778 2419 1843 2454 the

372 2495 507 2520 reason
531 2483 614 2518 that
643 2481 664 2498 ‘⁶
680 2481 744 2516 the
765 2484 845 2514 tree
859 2479 902 2514 of
918 2479 982 2514 the
998 2479 1086 2514 field
1107 2480 1136 2514 is
1155 2479 1270 2514 man's
1288 2478 1386 2520 life?
1403 2478 1478 2512 and
1495 2477 1578 2512 that
1596 2476 1686 2523 they
1707 2480 1845 2511 cannot

373 2553 449 2576 war
470 2541 614 2586 against
631 2550 729 2579 man,
753 2549 791 2572 as
813 2548 899 2571 man
921 2548 999 2571 can.
1055 2536 1139 2571 And
1157 2536 1230 2570 this
1247 2536 1358 2571 Philo
1377 2535 1531 2570 extends
1549 2539 1588 2570 to
1605 2534 1711 2569 fields
1725 2533 1845 2568 which

373 2598 469 2634 have
485 2598 600 2638 fruit3
621 2596 770 2640 adding,
785 2594 867 2629 that
882 2593 972 2639 they
989 2594 1158 2628 minister
1175 2593 1265 2628 food
1281 2593 1353 2628 and
1372 2592 1532 2628 comfort
1549 2596 1588 2626 to
1606 2591 1671 2626 the
1687 2591 1842 2626 victors:

375 2656 465 2702 they
481 2667 555 2701 pay
575 2654 727 2688 tribute.
771 2652 796 2687 J
799 2650 957 2697 osephus
975 2650 1077 2692 adds,
1099 2662 1148 2685 on
1169 2650 1232 2685 the
1254 2661 1355 2685 same
1375 2650 1493 2696 place,
1510 2649 1592 2684 that
1609 2648 1643 2682 if
1661 2648 1726 2683 the
1746 2651 1845 2682 trees

377 2713 487 2748 could
504 2711 619 2758 speak
638 2711 729 2756 they
748 2709 872 2743 would
888 2708 1074 2754 complain
1091 2707 1134 2741 of
1151 2707 1216 2742 the
1233 2707 1405 2752 injustice
1427 2706 1471 2741 of
1491 2706 1589 2741 their
1604 2705 1761 2750 bearing
1780 2703 1845 2738 the

376 2770 531 2815 penalty
549 2768 592 2803 of
608 2767 672 2803 the
685 2778 771 2807 war,
789 2765 832 2800 of
849 2765 968 2799 which
985 2765 1074 2811 they
1091 2775 1154 2799 are
1171 2767 1238 2799 not
1252 2764 1316 2798 the
1333 2774 1454 2799 cause.
1493 2763 1580 2797 And
1596 2773 1642 2796 on
1662 2761 1727 2796 the
1744 2770 1846 2795 samo

378 2826 523 2871 ground
540 2829 633 2860 rests
650 2824 715 2859 the
730 2823 994 2869 Pythagorean
1007 2822 1148 2857 dictum
1166 2822 1203 2855 in
1218 2820 1462 2862 Jamblichus,
1480 2820 1561 2855 that
1578 2820 1607 2854 it
1624 2819 1654 2853 is
1667 2817 1846 2853 unlawful

378 2886 418 2917 to
434 2883 523 2917 hurt
540 2894 562 2916 a
578 2881 841 2926 fruit-bearing
858 2884 950 2915 tree.

453 2943 474 2972 2
504 2938 712 2985 Porphyry,
733 2939 771 2972 in
792 2937 849 2973 his
870 2937 969 2972 book
991 2936 1147 2982 Against
1167 2936 1304 2980 Eating
1324 2934 1501 2975 Animals,
1522 2932 1701 2979 speaking
1722 2930 1765 2966 of
1781 2929 1845 2966 the
