1971 3326
161 145 253 182 CAP.
273 143 381 191 XII.]
742 148 808 182 ET
840 147 1046 183 SIMILIA.

449 258 633 303 Vincique
653 258 776 293 volui:
819 269 929 294 ruere
950 261 988 293 et
1009 259 1148 304 aequari
1169 258 1259 300 solo,

449 315 575 350 Etiam
596 315 809 350 arcuissem.

258 380 287 421 4
331 380 440 422 Sane
475 381 595 422 docet
626 395 699 422 nos
730 395 849 422 sacra
879 379 1056 423 historia
1087 381 1212 423 urbes
1244 379 1444 437 quasdam
1479 396 1505 423 a
1544 383 1635 425 Deo
1653 399 1761 423 πρωὶ.

161 444 378 488 damnatas
402 446 586 489 excidio:
623 446 746 488 etiam
778 452 922 488 contra
952 446 1088 503 legem
1109 447 1220 488 illam
1251 447 1488 505 generalem
1515 450 1636 491 arbo-

160 526 228 553 res
258 512 538 554 Moabitarum
565 512 702 568 jussas
730 512 925 555 exscindi.
982 514 1140 556 Verum
1172 528 1255 554 non
1285 513 1438 556 factum
1469 513 1512 556 id
1541 515 1635 558 odio
1655 529 1745 558 wey·
1760 528 1796 552 iii·
1813 529 1847 552 1⁰<

160 577 312 629 hostili,
348 578 421 620 sed
450 578 493 619 in
516 578 671 634 justam
696 578 1011 620 detestationem
1033 578 1275 629 facinorum,
1310 594 1403 636 quae
1432 585 1505 623 aut
1534 582 1637 638 pub-

160 643 236 685 lice
260 650 380 686 erant
401 644 578 700 cognita,
598 649 671 685 aut
697 643 788 684 Deo
806 643 946 699 judice
966 644 1073 686 tanti
1097 645 1312 687 aestimata.

255 710 339 751 ΙΙΙ.
390 712 414 751 1
452 709 641 751 Secundo
660 708 824 751 eveniet
844 709 955 764 quod
979 709 1157 751 diximus
1181 711 1306 753 etiam
1330 711 1373 752 in
1394 711 1520 755 dubia
1543 714 1637 770 agri

161 775 427 831 possessione,
451 775 484 816 si
508 789 659 832 magna
682 789 775 830 spes
805 774 859 816 sit
890 775 1034 816 celeris
1057 775 1252 827 victoriae,
1285 777 1399 832 cujus
1421 779 1636 833 praemium

161 847 204 883 et
227 856 329 898 ager
353 847 395 883 et
416 841 574 883 fructus
597 840 727 882 futuri
751 841 843 884 sint.
911 840 979 882 Sic
1001 840 1240 883 Alexander
1269 844 1450 898 Magnus
1473 843 1635 893 milites,

161 913 360 949 narrante
388 906 570 958 Justino,
605 922 630 949 a
661 906 926 963 populatione
955 906 1066 948 Asiae
1094 908 1319 963 prohibuit,
1353 903 1637 964 fparcendum
1655 920 1797 945 Lib-xi-G·

161 975 254 1015 suis
275 975 400 1015 rebus
418 975 649 1028 pragfatus,
685 988 764 1015 nec
778 975 1006 1028 perdenda
1030 988 1093 1023 ea,
1127 989 1220 1029 quoe
1247 977 1493 1030 possessuri
1521 991 1638 1018 vene-

162 1047 278 1080 rant.

160 1141 351 1179 ἀνθρώπων,
372 1141 457 1179 ἤπερ
484 1142 538 1180 ἐφ’
564 1142 706 1181 ἑκάτερά
727 1155 780 1172 σοι
801 1145 862 1178 τῆς

160 1192 292 1229 ’γνώμης
303 1191 442 1229 ἑτοίμως
455 1192 605 1226 ἕστηκεν.
627 1191 728 1221 ὁποῖα
743 1191 808 1230 ’γάρ
824 1192 864 1222 ἂν

161 1243 231 1270 τῶν
253 1239 429 1280 α’ρχόντων
453 1242 498 1270 ‘roi
522 1241 605 1279 ἔργα
629 1241 690 1279 εἴη,
713 1243 868 1271 τοιοῦτον

159 1289 351 1329 ἀνάγκηκαὶ
368 1290 448 1327 ὑπὲρ
459 1291 568 1319 αὐτῶν
579 1290 680 1327 ὄνομα
695 1289 869 1328 φέρεσθαι·

161 1341 302 1370 Antehac
328 1341 374 1370 sic
401 1341 610 1370 existimatum
637 1345 691 1378 cst,
727 1341 869 1379 speciosa

161 1394 281 1420 struere
302 1401 410 1430 opera,
430 1392 605 1430 sapientum
629 1401 692 1421 esse
715 1395 744 1420 et
765 1391 869 1420 civilis

161 1442 234 1470 ‘vita‘
251 1442 418 1471 scientum:
442 1445 562 1471 structa
585 1442 739 1477 demoliri,
759 1441 868 1470 stulto-

161 1501 231 1521 rum
245 1495 273 1521 et
286 1492 428 1521 vecordis
442 1492 542 1521 animi
555 1492 649 1530 siqua
669 1492 713 1521 ad
724 1494 869 1529 posteros

161 1541 370 1571 transmittere
385 1551 444 1570 non
459 1541 708 1570 erubescentium.
734 1541 869 1569 Romam

162 1595 282 1621 constat
296 1592 431 1628 urbium,
455 1601 535 1630 quas
548 1592 597 1620 sol
611 1591 758 1629 adspicit,
779 1600 868 1619 maa·-

161 1642 256 1670 imam
275 1651 338 1671 esse
356 1651 395 1671 ac
413 1645 552 1680 spectatu
567 1642 784 1679 diqnissimam
798 1652 807 1670 .-
830 1650 869 1670 ea

162 1701 223 1721 non
237 1693 329 1720 unius
343 1692 449 1720 labore
472 1691 605 1720 hominis
627 1700 681 1720 nec
695 1691 780 1720 brevi
794 1694 867 1720 tem-

160 1751 238 1779 pore
261 1741 306 1770 ad
326 1741 362 1770 id
387 1741 614 1779 maynitudinis
634 1740 869 1779 splendorisque

158 1791 324 1829 processit,
345 1791 400 1819 sed
407 1790 543 1828 plurimi
557 1800 643 1829 reqes
657 1794 750 1828 atque
764 1790 868 1828 Impe-

164 1844 297 1877 ratores,
327 1841 468 1869 virorum
498 1840 692 1869 eminentium
720 1840 868 1869 immensa

163 1891 271 1927 series,
304 1891 403 1919 multa
430 1890 553 1925 saecula,
587 1889 771 1918 divitiarum
801 1893 868 1918 stu-

159 1941 267 1979 penda
281 1941 448 1979 conyerieS,
463 1943 525 1968 tum
540 1939 617 1975 alia,
633 1943 695 1968 tum
709 1939 869 1977 artificum

158 1992 282 2030 primos
297 1992 356 2020 huc
371 1994 515 2020 trax-ere:
538 1991 584 2019 ita
604 1990 663 2026 illi,
686 1993 774 2018 tanta
794 1989 869 2018 urbe

163 2042 321 2080 paulatim
335 2041 450 2079 effecta,
465 2042 657 2068 monumenta
670 2049 730 2069 suae
739 2038 868 2068 virtutis

159 2095 234 2130 post
249 2092 379 2130 futuris
405 2091 571 2129 reliquere.
617 2090 723 2128 Quare
745 2090 778 2118 in
800 2099 868 2119 eam

165 2141 275 2170 soevire
298 2140 333 2168 id
353 2149 424 2169 vero
447 2139 596 2175 injuriam
617 2138 658 2167 sit
674 2138 789 2176 facere
811 2139 868 2167 Iiu-

165 2201 257 2220 mano
284 2190 390 2229 qeneri
412 2190 510 2218 omnis
537 2189 606 2224 oevi,
630 2188 790 2226 eripiendo
818 2189 868 2226 iis,

166 2239 220 2279 qui
236 2239 421 2278 oiimfuere,
439 2239 546 2268 debitae
562 2238 667 2267 laudis
681 2238 870 2274 memoriam,

165 2291 304 2320 venturis
314 2300 385 2320 vero
394 2290 565 2328 spectaculi
575 2289 772 2327 voluptatem.
793 2288 872 2318 Haec

351 1039 418 1080 Sic
445 1039 651 1089 Quintius,
676 1039 868 1095 Philippo
893 1039 1149 1081 Thessaliam
1173 1045 1486 1083 transcurrente
1508 1056 1638 1099 popu-

931 1152 999 1172 eum
1022 1152 1088 1172 eum
1110 1143 1144 1171 in
1167 1143 1290 1172 modum
1311 1153 1343 1173 se
1366 1144 1512 1179 habeant,
1535 1147 1639 1185 eoqita

932 1195 969 1223 de
992 1194 1111 1223 duobus
1131 1195 1265 1223 alterum
1284 1196 1460 1224 necessario
1475 1196 1637 1234 ficturum,

933 1246 967 1272 ut
986 1248 1041 1273 aut
1057 1244 1089 1272 in
1103 1244 1161 1273 hoc
1180 1244 1259 1273 bello
1279 1245 1420 1274 vincaris
1439 1245 1479 1274 ab
1494 1247 1638 1285 Impera-

933 1296 1008 1329 tore,
1037 1297 1093 1322 aut
1115 1297 1169 1322 tua
1183 1294 1322 1332 fortuna
1343 1295 1385 1323 sit
1404 1296 1558 1333 superior.
1601 1297 1639 1326 Si

934 1346 966 1372 tu
991 1343 1100 1379 victor,
1122 1352 1230 1372 eversa
1254 1345 1338 1380 urbe,
1362 1354 1422 1374 non
1444 1346 1560 1383 aliena,
1584 1347 1640 1376 scd

934 1397 989 1422 tua
1002 1392 1212 1431 perdideris?
1233 1394 1339 1423 eadem
1360 1399 1496 1432 servata,
1512 1406 1638 1434 posses-

933 1443 1019 1471 sione
1030 1442 1158 1479 frueris
1181 1443 1315 1472 omnium
1335 1445 1586 1482 speciosissima.-
1610 1448 1639 1476 si

934 1492 1069 1520 adversa
1084 1491 1141 1520 tibi
1154 1501 1224 1520 sors
1238 1493 1392 1530 ceciderit,
1414 1494 1517 1523 Roma
1534 1505 1596 1533 per
1611 1499 1640 1525 te

934 1541 1089 1576 incolumi,
1113 1542 1253 1579 reposita
1275 1542 1331 1571 tibi
1350 1543 1410 1572 erit
1432 1545 1521 1582 apud
1542 1546 1639 1575 vieto-

934 1600 998 1619 rem
1029 1591 1138 1629 qratia
1151 1602 1160 1620 :
1198 1592 1304 1621 eadem
1329 1592 1464 1630 jacente,
1489 1594 1640 1631 jaeebunt

934 1644 1025 1670 extra
1039 1651 1154 1670 omnem
1167 1651 1251 1679 spem
1265 1642 1488 1674 misericordia>
1503 1655 1552 1674 res
1566 1649 1636 1675 tuce.

934 1690 1043 1729 Neque
1058 1694 1176 1720 tantum
1191 1692 1295 1721 nullus
1309 1693 1353 1721 ad
1372 1697 1399 1722 te
1410 1694 1500 1732 facti
1509 1695 1640 1733 fluctus

933 1741 1059 1775 redibit,
1080 1741 1136 1769 sed
1155 1745 1184 1770 et
1205 1741 1303 1779 diyna
1318 1743 1413 1781 sacto
1426 1744 1524 1782 filma
1547 1749 1575 1774 te
1598 1746 1639 1775 ab

934 1790 1109 1819 hominibus
1136 1791 1290 1820 universis
1317 1797 1472 1831 sequetur.
1512 1795 1578 1832 Ea,
1606 1797 1640 1825 in

933 1844 1038 1869 utram
1047 1841 1122 1870 velis
1131 1845 1266 1879 partem,
1282 1843 1340 1871 tibi
1348 1848 1472 1880 parata
1487 1849 1549 1875 est:
1567 1856 1640 1875 nam

926 1894 1087 1928 potentum
1101 1892 1210 1929 quales
1223 1896 1294 1921 sunt
1308 1894 1454 1931 actiones,
1468 1895 1543 1924 talis
1557 1897 1639 1925 eoeis-

933 1941 1065 1970 timatio.
1117 1941 1217 1979 (Cap.
1244 1941 1310 1980 22.)
1361 1943 1443 1973 Vide
1473 1948 1506 1974 et
1534 1946 1639 1983 legem

933 1990 1086 2020 Friderici
1111 1992 1137 2021 Ι.
1161 1993 1247 2030 apud
1273 1993 1456 2023 Conradum
1479 1996 1639 2025 Abbatem

933 2040 1198 2079 Urspergensem,
1221 2045 1254 2071 et
1275 2043 1314 2071 de
1336 2043 1497 2074 Friderico
1522 2047 1638 2076 comite

933 2090 1080 2120 Palatino
1095 2092 1243 2120 chronica
1257 2093 1526 2125 Melanchthonis.

991 2139 1003 2161 f
1030 2140 1230 2170 Parcendum
1258 2143 1324 2171 suis
1346 2144 1437 2173 rebus
1460 2145 1636 2184 proefatus]

936 2190 1077 2220 Gelimer
1091 2194 1124 2220 et
1139 2192 1276 2221 Vandali
1299 2193 1480 2224 obsidentes
1504 2196 1638 2225 Cartha-

933 2240 1053 2279 ginem,
1072 2250 1175 2279 neque
1190 2243 1314 2280 praedas
1327 2253 1430 2282 egere,
1454 2254 1557 2284 neque
1576 2249 1639 2275 ter-

934 2299 1003 2319 ram
1023 2293 1200 2327 vastarunt,
1222 2292 1276 2321 sed
1297 2302 1380 2322 curae
1402 2294 1582 2325 habuerunt
1602 2299 1639 2326 ut

168 2458 208 2489 to
230 2454 482 2496 destruction3
507 2455 581 2489 and
599 2455 694 2497 that,
717 2467 811 2491 even
832 2457 977 2502 against
997 2457 1062 2493 the
1087 2458 1217 2493 sacred
1237 2458 1307 2492 law
1327 2457 1448 2492 which
1468 2469 1522 2493 we
1542 2458 1637 2494 have

167 2512 408 2552 mentioned3
439 2512 504 2546 the
534 2516 632 2547 trees
664 2512 707 2547 of
728 2513 794 2547 the
818 2513 1002 2550 Moabites
1023 2527 1120 2550 were
1151 2515 1396 2550 commanded
1427 2519 1466 2549 to
1497 2516 1544 2550 be
1574 2521 1638 2551 cut

169 2569 277 2602 down
299 2568 337 2610 (2
354 2569 472 2613 Kings
487 2569 537 2602 iii.
561 2566 646 2610 19);
670 2569 740 2604 but
760 2570 833 2605 this
853 2583 926 2606 was
946 2577 1012 2606 not
1034 2572 1132 2607 done
1153 2573 1191 2606 in
1211 2572 1345 2606 hostile
1366 2572 1473 2618 spite,
1502 2573 1571 2608 but
1597 2575 1637 2608 in

170 2626 397 2660 detestation
430 2625 473 2659 of
498 2626 777 2668 wickednesses,
802 2627 923 2662 which
957 2640 1054 2664 were
1084 2629 1204 2664 either
1233 2629 1397 2674 publicly
1417 2629 1563 2672 known,
1594 2642 1637 2665 or

168 2693 277 2722 were,
296 2682 335 2715 in
356 2681 420 2716 the
436 2682 635 2727 judgment
656 2683 699 2717 of
717 2684 812 2725 God,
829 2685 974 2731 worthy
994 2686 1037 2719 of
1053 2686 1144 2720 such
1165 2686 1374 2720 inflictions.

240 2739 310 2773 III.
364 2743 382 2772 1
415 2739 459 2773 In
481 2739 545 2774 the
566 2740 701 2774 second
722 2741 838 2786 place,
858 2741 923 2775 the
944 2742 1024 2775 rule
1045 2742 1164 2776 which
1184 2754 1238 2776 we
1259 2743 1426 2777 mention
1447 2743 1519 2777 will
1535 2743 1637 2786 hold,

169 2806 264 2830 even
285 2795 392 2830 when
412 2795 476 2830 the
497 2797 704 2842 possession
725 2797 768 2831 of
786 2797 850 2831 the
875 2798 964 2832 land
988 2799 1017 2832 is
1041 2798 1225 2840 doubtful,
1254 2799 1286 2833 if
1312 2799 1418 2834 there
1438 2800 1486 2835 be
1509 2805 1637 2847 strong

168 2853 267 2899 hope
288 2853 331 2887 of
348 2865 370 2887 a
390 2853 528 2900 speedy
551 2854 704 2900 victory,
732 2855 775 2889 of
792 2854 910 2889 which
931 2855 996 2890 the
1017 2856 1158 2890 reward
1179 2857 1252 2890 will
1272 2857 1330 2898 bc,
1351 2857 1443 2892 both
1464 2858 1528 2893 the
1548 2858 1637 2893 land

170 2911 243 2945 and
275 2911 323 2946 its
355 2911 476 2946 fruits.
527 2911 576 2946 So
603 2911 814 2947 Alexander
843 2913 1050 2948 restrained
1082 2913 1138 2949 his
1170 2914 1323 2950 soldicrs
1356 2915 1453 2950 from
1483 2917 1637 2961 wasting
