1971 3326
131 581 170 604 De
182 580 282 610 interp.

129 618 152 635 c.
166 611 188 634 4.

133 1039 202 1062 Luc.
211 1035 286 1060 xxiv.
296 1035 335 1059 28.

137 1370 170 1393 M
170 1376 228 1394 arc.
242 1369 278 1394 vi.
293 1369 332 1394 48.

344 189 398 228 18
691 191 948 234 QUANTUM
978 191 1036 226 IN
1065 191 1231 226 BELLO
1262 190 1456 232 LIOEAT,
1631 187 1817 234 [L1ss.111.

347 301 539 344 Diximus
563 301 671 343 enim
693 300 763 357 jus
787 299 972 357 gentium
998 297 1089 347 dici,
1115 302 1157 339 et
1180 297 1291 352 quod
1314 296 1484 354 singulis
1513 297 1708 354 gentibus
1731 298 1818 354 pla-

346 369 430 411 cuit
459 368 547 410 sine
581 373 725 410 mutua
754 365 1017 423 obligatione,
1044 368 1086 405 et
1109 362 1151 404 id
1176 363 1286 417 quod
1310 369 1495 404 mutuam
1524 362 1818 420 obligationem

347 435 390 478 in
413 449 457 476 se
479 435 672 476 continet.
743 433 900 475 4Voces
924 444 1038 486 ergo,
1067 433 1110 470 et
1141 433 1278 476 nutus,
1305 433 1347 469 et
1369 433 1479 469 notae
1503 441 1605 483 quas
1628 428 1817 478 diximus,

347 505 517 557 reperta
547 505 642 542 sunt
677 499 732 540 ad
767 495 1078 554 significandum
1113 508 1205 535 cum
1240 498 1383 535 mutua
1415 492 1679 549 obligatione,
1708 494 1820 549 quod

350 565 595 609 Aristoteles
630 564 736 606 dixit
770 558 886 605 κατὰ
919 557 1159 612 συνθήκηνε
1195 573 1262 601 res
1289 558 1381 601 aliae
1412 573 1494 599 non
1524 558 1634 601 item.
1707 559 1820 602 Hinc

350 633 399 674 fit
435 635 508 672 qut
548 631 673 672 rebus
706 628 795 671 aliis
832 626 894 669 uti
924 626 1058 674 liceat,
1096 625 1255 668 etiamsi
1294 623 1598 680 praevideamus
1635 625 1820 667 futurum

349 704 397 740 ut
443 697 550 738 alter
592 696 690 737 inde
729 694 875 736 falsam
912 692 1115 748 concipiat
1150 690 1393 747 opinionem.
1465 691 1633 745 Loquor
1679 691 1731 732 de
1773 706 1821 733 eo

350 763 461 820 quod
492 761 759 804 intrinsecum
795 764 870 808 est,
900 773 983 800 non
1021 758 1073 800 de
1112 772 1160 799 eo
1196 757 1306 813 quod
1338 755 1499 798 accidit.
1569 757 1718 811 Itaque
1750 771 1815 798 ex-

351 829 531 885 emplum
561 828 794 884 ponendum
831 830 906 874 est,
938 823 1029 866 rubi
1063 823 1220 865 nullum
1256 821 1441 877 sequitur
1473 821 1570 864 inde
1604 836 1823 864 nocumen-

351 901 453 944 tum,
478 899 550 936 aut
572 893 644 935 ubi
667 896 956 935 nocumentum
989 889 1139 947 ipsum,
1173 888 1352 946 seposita
1375 887 1458 929 doli
1482 887 1822 937 consideratione,

351 961 506 1003 licitum
532 965 605 1002 est.

454 1029 481 1067 3
519 1024 676 1066 Prioris
707 1022 939 1079 exemplum
976 1026 1039 1064 est
1084 1022 1126 1062 in
1169 1020 1349 1070 Christo,
1390 1019 1459 1075 qui
1503 1019 1616 1075 apud
1657 1019 1825 1062 comites

354 1092 626 1135 Emauntinos
651 1090 970 1151 προσεποιεῖτο
994 1087 1056 1129 ire
1076 1086 1251 1144 longiuS,
1276 1086 1320 1127 id
1344 1091 1419 1133 est,
1444 1085 1620 1142 speciem
1641 1085 1827 1142 praetulit

353 1158 453 1201 ituri
487 1157 661 1214 longius,
695 1156 771 1197 nisi
802 1154 989 1196 malimus
1018 1167 1116 1195 vere
1148 1166 1311 1207 quoque
1341 1151 1515 1194 voluisse
1540 1166 1633 1193 eum
1656 1151 1718 1193 ire
1740 1151 1827 1193 lon-

355 1225 459 1283 gius,
489 1224 564 1267 sub
595 1221 826 1264 conditione
857 1226 997 1263 tamen
1028 1218 1105 1260 nisi
1135 1232 1286 1275 magno
1318 1217 1409 1259 nisu
1439 1217 1705 1266 retineretur,
1729 1232 1828 1273 quo-

355 1291 477 1333 modo
513 1295 555 1332 et
589 1290 705 1330 Deus
740 1287 870 1328 multa
904 1285 1009 1327 velle
1047 1284 1196 1327 dicitur
1232 1298 1324 1338 quae
1361 1297 1444 1325 non
1481 1283 1613 1325 fiunt:
1653 1288 1695 1325 et
1731 1283 1829 1325 alibi

358 1357 548 1399 Christus
579 1355 666 1411 ipse
700 1353 849 1395 dicitur
885 1350 1060 1395 voluisse
1091 1351 1308 1407 praeterire
1336 1349 1543 1405 apostolos
1571 1348 1827 1406 navigantes,

356 1438 504 1479 nempe
542 1421 619 1464 nisi
660 1421 843 1476 impense
883 1423 1105 1475 rogaretur
1143 1431 1289 1459 navem
1328 1415 1561 1457 ascendere.
1639 1414 1831 1457 Alterum

416 1541 430 1557 4
451 1540 541 1575 Heic,
563 1541 601 1568 ut
625 1539 656 1566 in
681 1539 751 1567 toto
773 1538 965 1575 argumento
989 1536 1060 1571 isto,
1126 1545 1195 1564 sam
1215 1535 1372 1572 concipiat
1390 1532 1579 1572 opinionem]
1602 1532 1685 1562 Vide
1700 1532 1832 1570 Augus-

358 1590 568 1620 conferendus
595 1590 751 1626 perpetuo
779 1587 1061 1620 PUFENDOers,
1127 1586 1231 1615 tinum
1255 1585 1292 1614 de
1313 1585 1472 1614 Doctrina
1500 1583 1687 1613 Christiana
1707 1582 1778 1613 Lib.
1795 1591 1833 1612 11.

357 1640 410 1668 De
432 1639 515 1668 Jure
535 1638 615 1667 Nat.
637 1641 665 1666 ot
686 1636 774 1667 Geni.
800 1636 868 1665 Lib.
883 1644 929 1664 lv.
953 1644 1021 1672 cap.
1035 1637 1063 1670 1,
1130 1644 1200 1673 cap.
1217 1636 1266 1664 34.

357 1698 429 1717 cum
452 1688 546 1716 Notis
569 1687 695 1722 nostris,
724 1685 778 1714 ubi
802 1694 852 1714 res
880 1684 1062 1713 adcuratius
1190 1689 1202 1705 ¹·
1230 1683 1291 1713 Ubi
1306 1683 1423 1712 nullum
1438 1684 1510 1712 inde
1519 1684 1660 1722 sequitur
1674 1693 1834 1714 nocumen-

356 1739 583 1775 pertractatur,
605 1736 637 1764 in
661 1735 764 1764 altera
788 1727 962 1772 pracsertim
985 1733 1062 1762 Edi·
1131 1733 1208 1772 ium]
1232 1734 1277 1763 Ut
1295 1734 1326 1763 in
1342 1735 1427 1763 facto
1444 1734 1603 1770 Micholis,
1627 1744 1651 1764 1.
1669 1736 1753 1766 Sam.
1768 1735 1832 1766 xix.

354 1787 453 1816 tione.
496 1786 531 1816 J.
548 1786 588 1815 B.
1131 1784 1178 1814 16.

418 1843 432 1863 «ι
460 1837 502 1866 Ut
525 1836 614 1865 rebus
642 1836 718 1865 aliis
741 1836 788 1864 uti
810 1835 913 1870 liceat,
941 1832 1063 1862 etiamsi
1191 1838 1202 1853 ⁶
1224 1832 1433 1870 Οἰκοιιομῖαν]
1465 1834 1515 1863 Sic
1540 1834 1622 1863 hanc
1650 1835 1835 1871 vocandam,

354 1886 586 1924 praevideamus
596 1885 745 1923 ficturum
761 1889 793 1914 ut
813 1885 894 1914 alter
910 1883 980 1913 inde
989 1883 1065 1920 fal·
1132 1891 1197 1910 non
1219 1881 1353 1916 ἀπάτην
1374 1882 1406 1910 id
1427 1886 1475 1912 est
1495 1884 1648 1920 fraudem,
1667 1884 1712 1914 ait
1733 1884 1834 1922 Chry·

360 2040 479 2075 which
497 2039 572 2074 had
599 2039 695 2073 been
717 2037 942 2073 established
969 2037 1019 2083 by
1045 2041 1216 2082 separate
1239 2038 1386 2071 nations
1407 2037 1564 2072 without
1585 2038 1730 2072 mutual
1748 2048 1836 2072 con-

360 2098 507 2138 nexion,
517 2097 591 2130 and
602 2099 642 2130 to
656 2095 739 2130 that
752 2094 871 2128 which
885 2094 1053 2129 contains
1067 2105 1089 2127 a
1103 2103 1276 2128 common
1292 2094 1437 2127 mutual
1451 2094 1667 2139 obligation.
1701 2094 1837 2129 Words

361 2155 465 2195 then,
491 2153 565 2188 and
582 2152 686 2193 nods,
703 2152 777 2186 and
800 2151 865 2185 the
890 2151 1037 2185 written
1061 2150 1271 2184 characters
1290 2150 1409 2184 which
1426 2161 1480 2184 wc
1497 2150 1591 2185 have
1609 2151 1837 2192 mentioned,

360 2212 456 2246 have
472 2211 568 2244 been
586 2208 760 2243 invented
782 2212 821 2242 to
843 2207 978 2253 signify
995 2218 1018 2240 a
1034 2207 1209 2251 meaning
1225 2206 1315 2241 with
1332 2207 1477 2240 mutual
1495 2207 1711 2252 obligation,
1729 2219 1771 2242 or
1787 2208 1838 2254 by

362 2266 607 2306 convention3
639 2265 706 2299 but
727 2264 835 2299 other
856 2265 990 2309 things,
1004 2267 1071 2297 not
1088 2274 1139 2297 so.
1183 2263 1313 2297 Hence
1333 2274 1384 2297 we
1401 2274 1487 2308 may
1505 2275 1570 2298 use
1587 2264 1695 2299 other
1712 2264 1837 2310 things

362 2323 544 2368 although
560 2334 613 2357 we
630 2322 774 2356 forcsee
799 2321 882 2355 that
902 2320 1062 2355 another
1081 2331 1217 2366 person
1245 2320 1319 2353 will
1346 2320 1551 2354 therefrom
1577 2320 1675 2355 form
1701 2332 1724 2355 a
1742 2321 1837 2356 false

364 2380 528 2426 opinion.
582 2380 600 2413 Ι
632 2379 747 2424 speak
779 2378 821 2412 of
850 2377 948 2412 what
980 2378 1010 2411 is
1041 2377 1220 2417 intrinsic,
1253 2380 1320 2411 not
1349 2377 1392 2411 of
1417 2376 1516 2411 what
1552 2389 1635 2423 may
1671 2377 1835 2424 happen.

365 2437 569 2472 Therefore
590 2447 644 2470 we
669 2439 770 2470 must
796 2435 883 2469 take
910 2446 959 2469 an
986 2434 1155 2479 example
1185 2433 1308 2468 where
1337 2444 1386 2468 no
1417 2434 1575 2479 damage
1598 2434 1769 2476 follows;
1795 2445 1839 2469 or

363 2494 487 2528 where
508 2493 572 2527 the
594 2493 760 2537 damage,
778 2492 915 2537 setting
931 2491 1032 2526 aside
1049 2491 1114 2525 the
1132 2490 1407 2525 consideration
1422 2491 1465 2525 of
1482 2491 1614 2532 deceit,
1632 2492 1661 2526 is
1681 2491 1819 2526 lawful.

439 2555 459 2586 3
492 2550 545 2585 Of
570 2549 635 2584 the
657 2550 798 2584 former
817 2549 909 2582 kind
930 2559 984 2582 we
1005 2548 1099 2582 have
1128 2559 1175 2582 an
1204 2548 1374 2594 example
1402 2548 1441 2581 in
1470 2548 1606 2590 Christ,
1632 2548 1726 2589 who,
1748 2548 1838 2582 hav-

365 2609 429 2653 ing
452 2607 719 2652 accompanied
747 2606 812 2640 the
844 2605 1015 2651 disciples
1040 2609 1079 2639 to
1105 2605 1295 2646 Emmaus,
1325 2605 1430 2639 mado
1459 2617 1499 2639 as
1525 2605 1566 2649 if
1589 2606 1629 2640 he
1652 2605 1772 2640 would
1793 2617 1838 2650 90

355 2667 529 2712 further:
556 2664 603 2698 he
625 2663 833 2709 pretended
864 2667 903 2697 to
936 2662 1068 2696 intend
1093 2665 1132 2696 to
1154 2662 1201 2695 do
1232 2672 1294 2696 so:
1327 2665 1459 2707 except
1480 2673 1534 2696 we
1555 2662 1681 2708 prefer
1709 2666 1748 2696 to
1774 2672 1840 2707 say

366 2722 449 2756 that
466 2721 513 2755 he
535 2721 598 2755 did
616 2721 746 2754 intend
768 2724 806 2754 to
827 2731 873 2765 go
895 2719 1041 2753 further
1062 2723 1193 2764 except
1209 2718 1256 2753 he
1274 2730 1370 2753 were
1388 2719 1563 2753 detained
1583 2719 1632 2764 by
1651 2729 1836 2763 urgency:

367 2790 406 2812 as
439 2778 522 2811 God
548 2779 577 2811 is
608 2778 686 2811 said
712 2782 751 2811 to
778 2777 908 2811 intend
934 2788 1045 2821 many
1070 2776 1194 2821 things
1227 2775 1345 2809 which
1373 2776 1420 2809 do
1446 2779 1512 2809 not
1542 2786 1647 2809 come
1677 2778 1717 2808 to
1742 2785 1839 2820 pass,

367 2835 452 2868 And
481 2835 519 2867 in
551 2834 709 2868 another
740 2834 845 2879 place
877 2833 1011 2874 Christ,
1043 2833 1072 2867 it
1099 2833 1129 2867 is
1159 2833 1250 2874 said,
1288 2831 1414 2874 (Mark
1440 2832 1486 2866 vi.
1516 2830 1578 2872 48)
1609 2832 1729 2865 would
1755 2832 1841 2865 kavc

363 2892 494 2937 passed
519 2892 561 2935 by
593 2890 656 2925 the
691 2891 880 2936 disciples:
913 2890 996 2925 that
1031 2890 1072 2931 is,
1105 2889 1138 2923 if
1162 2889 1211 2924 he
1243 2889 1318 2923 had
1348 2892 1414 2922 not
1446 2888 1542 2922 been
1572 2888 1746 2933 urgently
1776 2898 1841 2922 en-

368 2947 514 2983 treated
532 2951 570 2982 to
592 2958 696 2982 come
717 2948 796 2982 into
817 2947 881 2982 the
897 2947 992 2993 ship,
1032 2947 1101 2982 We
1119 2957 1205 2993 may
1221 2946 1304 2991 give
1321 2944 1479 2979 another
1495 2944 1665 2990 example
1681 2945 1720 2979 in
1733 2944 1842 2985 Paul,
