1971 3326
239 189 324 231 430

278 309 311 339 ii.
326 309 375 345 14,
389 308 417 345 6,
432 309 461 339 1.
504 307 649 338 civiliter
663 308 733 347 quis
748 311 828 348 quot
841 309 942 338 modis
958 309 1044 339 dica-

279 363 342 389 tur.
363 359 397 389 ii.
412 360 463 394 14,
478 359 507 395 6,
520 360 540 387 2

242 410 416 448 Obligatur
437 418 531 438 nemo
553 409 594 438 ad
616 408 735 438 bellum
757 408 920 447 injustum.
941 408 975 440 ii.
996 409 1044 445 15,

280 461 330 494 13,
346 461 363 488 1

242 508 433 546 Obligemur
446 506 606 545 quomodo
621 515 678 544 per
692 506 799 535 alium.
821 505 852 534 ii.
870 507 918 541 11,
934 508 972 535 12

243 558 417 597 Obligatur
429 556 532 585 valide
546 555 690 593 praedoni
704 555 740 591 is,
756 555 805 584 cui
819 558 924 584 metus
937 556 1044 585 incus-

280 617 333 637 sus
346 616 410 636 non
425 609 483 636 est.
505 606 549 636 iii.
567 606 616 641 19,
631 608 651 635 4

242 656 457 695 obligationis
472 656 538 685 sine
553 655 717 685 coactione
726 656 881 695 exempla.
904 656 935 686 ii.
948 658 1045 693 18,10

242 706 406 744 Obligatio
424 715 462 734 ex
480 705 565 734 facto
584 705 813 741 ministrorum,
829 706 918 744 cujus
936 706 977 735 sit
989 706 1043 744 ju-

279 757 331 786 ris.
353 756 384 785 ii.
400 756 447 792 17,
463 756 511 791 20,
526 755 556 784 2.
598 755 648 783 Ex
664 755 757 793 culpa
772 756 884 793 qualis.
906 756 937 784 ii.
952 757 1000 792 17,
1016 757 1044 785 1.

281 806 376 836 Cadit
390 805 421 833 in
437 808 543 834 actum
555 807 611 834 aut
622 805 825 834 facultatem:
841 807 874 834 et
885 805 1045 843 quomodo

277 857 346 885 haec
367 855 526 884 differant.
549 854 571 883 i.
589 856 618 890 3,
637 853 684 890 16,
701 856 727 890 1,
739 855 767 883 2.
810 854 959 883 Feudalis
980 863 1044 882 non

280 905 368 935 tollit
399 913 558 933 summum
589 902 768 940 imperium,
798 903 869 932 vide
896 903 1046 932 Feudalis

280 954 444 992 obligatio.
466 953 486 981 i.
504 955 532 989 3,
554 954 604 989 23,
620 954 650 982 2.
692 953 742 981 Ex
767 952 907 981 dominio
930 953 1043 990 qualis.

278 1005 311 1033 ii.
327 1005 375 1039 10,
390 1005 418 1032 1.
459 1003 509 1031 Ex
524 1003 618 1031 rebus
633 1002 843 1037 exstantibus,
858 1006 891 1030 et
910 1011 973 1030 non
989 1011 1045 1030 ex-

279 1054 447 1083 stantibus.
470 1052 502 1082 ii.
515 1054 564 1088 10,
585 1054 614 1089 1,
629 1054 657 1088 2,
674 1051 701 1081 ἃ
715 1054 745 1086 2,
762 1053 788 1080 1.
820 1052 986 1082 Interdum
997 1056 1046 1082 est

280 1104 313 1132 in
329 1103 419 1132 nobis
440 1102 496 1138 ita,
510 1104 547 1131 ut
564 1102 656 1131 alteri
666 1101 720 1139 jus
734 1101 857 1130 nullum
873 1105 1044 1139 quaeratur,

278 1153 311 1181 ii.
329 1154 375 1187 11,
391 1153 419 1187 3,
435 1153 451 1179 1

240 1201 479 1239 Obligationem
505 1198 581 1236 (ad)
604 1199 778 1237 requiritur
799 1199 896 1228 animi
923 1199 1043 1229 delibe-

277 1251 371 1279 ratio.
393 1250 425 1279 ii.
444 1251 492 1285 11,
506 1250 534 1285 4,
551 1250 609 1285 1,3

240 1301 343 1331 obses
364 1309 404 1328 an
425 1301 581 1334 teneatur,
601 1300 726 1327 mortuo
746 1298 800 1336 qui
815 1298 911 1328 misit.
934 1299 978 1328 iii.
993 1300 1043 1335 20,

276 1351 326 1380 57.
371 1349 435 1384 Qui
449 1348 543 1385 fugit,
557 1347 655 1384 recipi
669 1356 687 1375 a
702 1347 830 1376 civitate
845 1356 908 1376 non
923 1351 1040 1386 potest.

276 1399 320 1428 iii.
335 1399 383 1434 20,
396 1398 447 1427 54.
490 1397 595 1426 Datus
610 1405 667 1434 pro
683 1396 795 1432 altero,
813 1397 838 1425 si
854 1396 881 1425 is
898 1400 1042 1426 mortuus

277 1448 319 1477 sit
332 1447 496 1476 liberatur.
520 1446 565 1475 iii.
580 1447 629 1481 20,
642 1445 692 1475 56.
734 1445 788 1475 An
804 1455 843 1475 ex
865 1446 928 1475 alia
948 1455 1042 1475 causa

277 1497 379 1536 possit
393 1495 533 1525 retineri.
557 1495 598 1523 iii.
614 1496 663 1531 20,
677 1496 716 1524 55

240 1547 352 1577 Obsidi
366 1546 478 1584 fugere
492 1554 531 1573 an
547 1545 650 1573 liceat.
674 1544 720 1573 iii.
731 1545 780 1580 20,
795 1544 834 1574 54

239 1596 376 1626 Obsides
390 1604 430 1624 an
446 1594 544 1623 occidi
559 1594 765 1632 possintjure
780 1593 866 1622 belli.
881 1593 924 1622 iii.
936 1594 1041 1629 11,14.

277 1646 419 1675 Interno.
442 1644 486 1673 iii.
504 1646 551 1679 11,
568 1645 617 1679 18,
632 1645 662 1681 1,
677 1645 716 1682 23
739 1643 782 1672 iii.
799 1644 828 1679 4,
844 1644 871 1679 1,
886 1644 916 1672 4.
952 1643 1041 1672 Servi

276 1704 340 1724 non
355 1697 440 1723 sunt.
460 1693 503 1722 iii.
520 1694 568 1730 20,
579 1694 619 1722 53

239 1744 395 1774 Obsidum
415 1744 500 1772 bona
520 1742 569 1770 cui
585 1741 709 1770 cedant.
732 1741 776 1771 iii.
791 1743 840 1779 20,
855 1742 905 1772 53.
949 1742 1041 1771 Obli-

275 1793 364 1832 gatio
385 1793 502 1822 odiosa.
523 1792 566 1820 iii.
587 1793 635 1827 20,
652 1792 701 1820 55.
745 1790 867 1820 Eorum
886 1792 1040 1830 obligatio

275 1843 435 1872 interdum
449 1841 646 1880 principalis.
666 1840 710 1870 iii.
727 1842 777 1874 20,
792 1842 851 1878 38;
871 1841 914 1870 iii.
931 1843 978 1879 23,
991 1841 1039 1871 16.

276 1892 372 1921 Alter
385 1900 426 1920 an
441 1900 479 1920 ex
495 1891 579 1919 facto
593 1890 724 1919 alterius
745 1893 904 1919 teneatur.
928 1891 971 1921 iii.
987 1892 1037 1928 20,

275 1942 315 1971 58

238 1989 410 2020 Obstinata
423 1987 603 2018 resistentia
616 1996 680 2016 non
695 1988 811 2017 suffieit
826 1988 865 2016 ad
875 1988 929 2026 jus
940 1988 1039 2017 inter-

275 2048 351 2068 num
373 2038 546 2074 occidendi,
566 2037 636 2066 vide
657 2037 852 2067 Resistentia
866 2037 1038 2069 obstinata.

275 2088 317 2118 iii.
333 2090 379 2124 11,
394 2088 443 2124 16,
460 2089 477 2116 1

238 2138 393 2167 Occidere
407 2137 542 2172 hostem,
555 2135 608 2173 jus
621 2135 698 2164 belli
713 2135 840 2164 dicitur.
861 2135 904 2163 iii.
919 2136 946 2171 4,
962 2136 990 2171 5,
1008 2136 1024 2164 1

238 2187 375 2217 Occidas
397 2186 548 2223 (mortem
572 2185 639 2222 pati
661 2184 769 2222 potius
797 2193 892 2222 quam
920 2184 1037 2222 alium)

276 2236 405 2274 quando
426 2235 529 2271 liceat,
553 2237 586 2263 et
607 2234 733 2272 quando
756 2243 829 2263 non.
852 2233 883 2262 ii.
907 2236 936 2271 1,
959 2235 989 2270 8,
1010 2236 1038 2271 1,

275 2286 303 2316 δι
319 2286 348 2321 9,
362 2287 379 2314 1

238 2336 392 2367 Occidere
413 2334 537 2364 obsides
557 2342 597 2363 an
619 2333 725 2362 liceat.
746 2333 789 2363 iii.
805 2333 836 2368 4,
853 2334 908 2370 143
928 2333 971 2362 iii.
989 2335 1038 2370 11,

274 2387 313 2415 18

236 2435 410 2465 Occidendi
432 2434 555 2464 deditos
576 2435 632 2462 aut
652 2434 763 2470 captos
784 2441 823 2460 an
843 2432 930 2471 justa
944 2441 1038 2462 causa

275 2485 351 2514 talio
380 2487 436 2513 aut
466 2483 634 2513 resistendi
655 2481 838 2520 pertinacia.
860 2481 905 2512 iii.
924 2482 955 2517 4,
977 2483 1035 2520 133

284 2534 316 2563 ii.
335 2535 383 2571 14,
400 2534 448 2570 16,
463 2536 490 2569 1,
505 2535 524 2562 2

237 2583 348 2613 Occidi
369 2585 503 2621 possunt
519 2582 592 2620 jure
613 2581 699 2618 belli,
718 2581 772 2619 qui
793 2581 879 2609 intra
895 2580 1034 2609 hostium

272 2632 351 2662 fines
365 2634 449 2661 sunt.
470 2631 512 2660 iii.
527 2634 557 2667 4,
571 2631 600 2669 6,
616 2633 644 2660 1.
687 2631 740 2660 An
755 2630 878 2668 possint
892 2629 947 2667 qui
960 2632 1035 2659 ante

272 2682 391 2711 bellum
406 2682 514 2719 aliquo
529 2683 695 2710 venerunt.
717 2680 760 2710 iii.
776 2681 805 2715 4,
819 2680 836 2708 7

237 2732 435 2761 Occiduntur
455 2739 557 2766 senes,
578 2729 706 2767 captivi,
723 2729 871 2764 infantes,
886 2727 1034 2756 mulieres

273 2780 441 2818 bellijure.
462 2779 506 2808 iii.
518 2780 548 2814 4,
561 2779 590 2814 9,
605 2780 623 2807 2

237 2829 362 2859 Occisio
389 2828 515 2866 quando
539 2827 626 2856 licita
646 2827 720 2865 jure
741 2826 866 2856 interno
893 2825 925 2854 in
949 2825 1034 2854 bello

270 2879 369 2916 justo.
386 2878 429 2906 iii.
443 2879 490 2913 11,
504 2878 534 2912 2,
549 2878 578 2906 1.
603 2877 768 2911 Quatenus
781 2876 813 2904 in
828 2874 1033 2913 repressaliis.

273 2926 318 2957 iii.
341 2927 371 2962 2,
387 2926 416 2955 6.
461 2926 570 2955 Hostis
590 2925 772 2953 indistincte
794 2933 856 2961 quo
878 2932 973 2952 sensu
993 2923 1034 2951 li-

275 2976 349 3004 cita.
369 2974 413 3004 iii.
432 2975 461 3009 4,
481 2974 510 3002 3.
551 2974 652 3002 Extra
668 2973 879 3010 propositum,
902 2972 966 3002 sive
983 2971 1032 3000 in-

667 195 837 230 INDEX
865 196 1052 232 RERUM
1079 198 1484 241 PRAEC‘IPUARUM,

1153 312 1283 348 directe,
1304 312 1443 351 quando.
1465 313 1508 342 iii.
1524 315 1553 350 1,
1567 314 1596 350 4,
1611 315 1641 344 1.
1681 313 1746 344 Pro
1765 315 1840 345 vitae
1860 314 1916 344 de-

1151 362 1296 391 fensione
1311 363 1471 401 quomodo
1485 363 1608 392 vitiosa.
1630 363 1661 393 ii.
1679 366 1707 400 1,
1721 365 1750 401 8,
1763 365 1793 401 9,
1807 366 1840 395 1.
1865 364 1917 394 Ne

1149 412 1264 449 fugere
1279 421 1449 451 cogamur:
1471 422 1529 451 pro
1545 413 1664 442 tuenda
1683 414 1917 444 existimatione

1153 464 1186 490 et
1201 471 1259 499 pro
1274 462 1369 491 rebus
1383 472 1423 491 an
1438 463 1536 492 licita.
1557 463 1588 492 ii.
1605 465 1635 500 1,
1651 465 1698 500 10,
1713 465 1732 493 3

1115 510 1303 549 Occupandi
1318 512 1372 550 jus
1392 512 1423 541 in
1446 516 1533 542 statu
1556 522 1663 543 rerum
1686 513 1915 544 communium.

1152 560 1182 590 ii.
1197 562 1227 597 2,
1242 563 1270 597 2,
1287 563 1304 590 1

1115 609 1293 648 Occupatio
1320 614 1395 649 post
1418 612 1566 641 omissam
1594 611 1860 642 communionem.
1881 611 1915 642 ii.

1151 662 1201 697 22,
1215 662 1244 691 5.
1287 661 1360 691 Non
1382 665 1429 691 est
1451 663 1511 691 nisi
1535 663 1566 691 in
1587 672 1621 691 re
1643 662 1823 692 terminata.
1838 661 1872 691 ii.
1886 662 1917 698 2,

1151 712 1180 746 3,
1195 712 1226 740 2.
1268 711 1343 740 Alia
1357 720 1414 749 per
1429 712 1680 747 universitatem,
1695 711 1757 740 alia
1770 720 1828 749 per
1841 711 1916 740 fun-

1153 761 1219 789 dos.
1241 761 1273 790 ii.
1293 762 1321 797 2,
1342 763 1371 790 4.
1414 761 1557 799 Imperii,
1574 765 1606 791 et
1627 761 1768 791 dominii.
1789 761 1824 792 ii.
1842 761 1872 797 3,
1886 761 1916 797 4,

1153 812 1181 846 1,
1193 812 1210 839 2

1115 860 1234 889 Odium
1249 861 1281 889 in
1296 861 1468 899 promissis.
1491 861 1524 891 ii.
1540 861 1588 897 16,
1604 862 1651 897 12,
1664 862 1684 890 3

1115 910 1199 940 Odio
1221 911 1362 940 carentia
1383 911 1543 949 quomodo
1566 910 1785 948 intelligenda.
1813 909 1847 938 ii.
1866 907 1916 946 16,

1153 962 1202 997 12,
1217 963 1234 990 1

1115 1010 1236 1040 Odiosa
1257 1011 1417 1049 quomodo
1435 1010 1685 1049 interpretanda.
1706 1010 1741 1039 ii.
1756 1009 1805 1046 16,
1820 1010 1869 1044 12,
1883 1009 1914 1038 3.

1155 1062 1192 1089 In
1208 1061 1304 1090 dubio
1318 1061 1508 1098 personalia.
1529 1061 1560 1089 ii.
1578 1060 1624 1097 16,
1641 1059 1688 1097 16,
1703 1061 1723 1089 3

1113 1110 1302 1148 Οἱκονομὶα.
1330 1110 1372 1139 iii.
1390 1112 1420 1144 1,
1433 1111 1462 1146 8,
1476 1112 1496 1140 3
1509 1119 1512 1121 ’

1113 1159 1302 1196 Οἶκουμένη.
1323 1159 1356 1188 ii.
1371 1161 1419 1196 22,
1433 1161 1470 1189 13

1114 1209 1205 1238 Onus
1232 1209 1396 1239 vitandum
1420 1210 1451 1238 in
1475 1209 1578 1239 verbis
1601 1207 1860 1248 interpretandis.
1881 1206 1917 1237 ii.

1153 1259 1200 1296 16,
1216 1261 1264 1297 12,
1280 1260 1300 1289 3

1113 1309 1222 1339 Onera
1249 1319 1288 1338 ex
1307 1309 1428 1338 foedere
1448 1307 1632 1338 transitoria
1657 1310 1715 1337 aut
1741 1306 1916 1338 manentia·

1150 1359 1182 1388 ii.
1200 1360 1248 1395 15,
1262 1360 1289 1395 7,
1305 1360 1324 1388 3

1112 1407 1221 1446 Opera
1236 1412 1268 1437 et
1282 1408 1417 1446 pecunia
1432 1410 1512 1446 quot
1525 1407 1627 1437 modis
1640 1408 1725 1437 inter
1738 1415 1771 1436 se
1785 1414 1916 1445 compa-

1150 1460 1272 1488 rentur.
1294 1458 1325 1486 ii.
1345 1459 1394 1495 12,
1407 1459 1457 1495 24,
1473 1460 1501 1493 1,
1515 1459 1534 1486 2

1112 1507 1238 1545 Operas
1253 1507 1307 1545 qui
1329 1507 1484 1545 promisit,
1500 1506 1616 1545 quibus
1636 1515 1675 1535 ex
1696 1504 1798 1535 causis
1818 1513 1914 1535 excu-

1150 1560 1247 1586 setur.
1271 1557 1303 1585 ii.
1319 1557 1367 1592 16,
1382 1558 1430 1593 27,
1445 1558 1464 1585 2

1112 1605 1289 1643 Opificibus
1302 1606 1496 1644 parcendum
1511 1605 1543 1634 in
1558 1605 1652 1634 bello.
1672 1604 1716 1633 iii.
1731 1606 1779 1640 11,
1794 1603 1833 1633 12

1112 1655 1276 1693 Oppidum
1293 1657 1421 1685 tradere
1435 1656 1491 1694 qui
1511 1655 1666 1694 promisit,
1681 1657 1789 1693 potest
1801 1652 1912 1692 praesi-

1150 1704 1236 1733 dium
1252 1705 1421 1734 dimittere.
1443 1705 1486 1734 iii.
1500 1706 1550 1740 22,
1565 1706 1604 1734 13

1111 1754 1287 1792 Opulentia
1301 1755 1367 1784 fere
1382 1764 1476 1783 causa
1489 1754 1657 1783 bellorum.
1671 1752 1692 1783 i.
1707 1754 1738 1789 2,
1752 1753 1772 1782 8

1110 1804 1156 1832 Οὒ
1172 1804 1208 1832 οὓ
1225 1804 1311 1842 quid.
1334 1804 1366 1833 ii.
1382 1806 1432 1840 13,
1447 1806 1495 1840 21,
1509 1805 1537 1840 2,
1549 1806 1568 1834 3

1111 1854 1207 1882 Orbis
1222 1864 1280 1892 pro
1292 1855 1438 1883 Romano
1452 1854 1567 1883 dictus.
1587 1853 1619 1882 ii.
1635 1854 1685 1890 22,
1700 1854 1750 1887 13,
1762 1853 1780 1882 1

1111 1903 1191 1932 Orbi
1208 1904 1268 1933 toti
1288 1913 1328 1932 an
1342 1913 1439 1933 unum
1454 1903 1620 1942 imperium
1636 1902 1793 1941 expediat.
1814 1901 1847 1933 ii.
1861 1902 1911 1938 22,

1150 1954 1242 1989 13,1‚
1258 1955 1297 1990 2;
1317 1953 1358 1983 iii.
1375 1955 1422 1989 15,
1437 1954 1454 1983 7

1111 2001 1199 2031 Ordo
1215 2011 1323 2031 eorum
1339 2002 1393 2040 qui
1412 2003 1560 2031 damnum
1576 2002 1732 2032 dederunt
1749 2000 1782 2029 in
1802 1999 1910 2030 debito

1147 2052 1368 2082 restitutionis.
1390 2052 1423 2081 ii.
1446 2054 1495 2088 17,
1516 2052 1544 2088 6,
1562 2053 1610 2081 12.
1654 2051 1718 2085 Qui
1737 2049 1910 2079 servandus

1148 2101 1231 2130 inter
1252 2102 1363 2131 socios.
1394 2102 1426 2131 ii.
1453 2103 1484 2138 5,
1511 2103 1560 2130 21.
1603 2099 1798 2130 Considendi
1824 2098 1909 2128 inter

1147 2160 1240 2189 reges
1269 2151 1478 2181 Christianos.
1513 2150 1592 2180 ibid.
1647 2150 1738 2179 Inter
1771 2157 1826 2178 eos
1853 2148 1909 2187 qui

1147 2205 1255 2238 partes
1269 2201 1300 2229 in
1316 2210 1350 2230 re
1364 2201 1504 2238 dispares
1515 2201 1646 2229 habent.
1667 2199 1699 2229 ii.
1713 2200 1743 2235 5,
1757 2199 1796 2227 22

1110 2251 1268 2281 Ordinum
1290 2254 1466 2280 conventus
1485 2250 1640 2288 populum
1660 2249 1815 2278 referunt.
1836 2247 1856 2277 i.
1877 2248 1908 2285 3,

1148 2303 1196 2337 10,
1226 2302 1245 2330 3
1258 2312 1266 2337 3
1295 2300 1326 2329 ii.
1351 2300 1380 2336 6,
1394 2300 1424 2331 9.
1465 2299 1555 2329 Alibi
1578 2299 1657 2328 alios
1679 2307 1755 2327 usus
1777 2297 1909 2328 habent.

1143 2350 1163 2379 i.
1178 2352 1208 2386 3,
1222 2352 1269 2386 10,
1281 2351 1301 2378 4

1109 2400 1277 2430 Ordinatio
1306 2398 1411 2427 divina
1443 2407 1511 2427 esse
1545 2397 1634 2435 regia
1666 2398 1809 2435 potestas
1842 2405 1907 2435 quo

1146 2457 1240 2478 sensu
1254 2447 1390 2478 dicatur.
1411 2447 1431 2476 i.
1448 2448 1476 2483 2,
1491 2448 1508 2477 7
1524 2445 1552 2476 δῦ
1568 2448 1604 2484 3,
1626 2446 1648 2476 i.
1661 2446 1693 2484 4,
1706 2446 1738 2480 4,
1754 2447 1772 2475 1

1487 2587 1527 2618 P.

1103 2673 1295 2703 Pacatorum
1316 2670 1402 2709 quod
1422 2668 1559 2698 officium
1580 2666 1663 2696 circa
1675 2665 1842 2696 bellantes.
1861 2664 1905 2696 iii.

1143 2726 1191 2760 17,
1205 2725 1225 2753 3

1103 2773 1204 2803 Pacta
1230 2780 1302 2810 quae
1329 2768 1432 2808 pactis
1453 2767 1523 2797 aliis
1553 2765 1758 2805 praevaleant,
1780 2764 1807 2793 si
1829 2771 1905 2793 casu

1143 2822 1346 2852 collidantur.
1369 2819 1400 2847 ii.
1424 2817 1471 2853 16,
1497 2817 1545 2852 29,
1567 2818 1595 2846 1.
1632 2815 1755 2850 Quibus
1779 2812 1904 2851 imperii

1143 2872 1282 2901 mixtura
1301 2869 1347 2898 fit.
1369 2868 1388 2898 i.
1407 2869 1436 2903 3,
1452 2867 1509 2903 173
1530 2866 1573 2896 iii.
1589 2865 1637 2903 19,
1658 2866 1706 2894 10.
1748 2862 1843 2893 Nuda
1861 2870 1902 2890 an

1143 2922 1288 2959 obligent
1297 2919 1370 2957 jure
1384 2920 1517 2953 naturae,
1531 2918 1564 2944 et
1577 2914 1733 2953 gentium.
1754 2912 1787 2941 ii.
1808 2912 1857 2948 11,
1873 2911 1902 2946 1,

1143 2972 1172 2999 1.
1213 2970 1252 2998 In
1273 2968 1361 3005 mari,
1377 2967 1410 2996 in
1430 2974 1530 2996 vacua
1549 2964 1661 3000 insula,
1675 2965 1731 2992 aut
1750 2961 1834 2990 inter
1852 2959 1901 2989 di-
