1971 3326
93 451 137 474 Ad
151 450 259 475 Pollent.

95 481 114 505 i.
131 482 167 506 19.

103 841 132 863 L.
150 840 168 862 1.
185 839 197 869 ξ
211 839 278 864 licet.

98 872 120 892 3.
149 871 181 893 Ι).
195 871 228 893 (Ie

96 902 180 930 peric.
194 901 218 923 et
229 906 293 925 com.

97 931 138 955 rei
150 931 225 955 vend.

97 1238 155 1264 Lib.
169 1239 205 1264 iii.
218 1240 241 1264 6.

318 187 371 232 72
548 196 615 231 DE
647 197 777 232 JURE
809 197 1200 232 INTERFIOIENDI
1232 197 1427 232 HOSTES
1459 197 1514 231 IN
1593 190 1783 244 [L1ss.111.

316 304 599 356 matrimoni03
647 312 693 348 ut
738 312 850 349 recte
891 307 997 347 hanc
1041 304 1307 360 quaestionem
1351 305 1528 360 explicat
1570 305 1784 348 cClemens

316 371 633 414 Alexandrinus.
706 372 964 414 Christianus
995 370 1142 426 conjux
1170 365 1188 391 ‘¹
1196 384 1401 426 paganam
1429 370 1643 429 conjugem
1674 372 1783 414 licite

315 436 549 492 relinquere
580 443 728 494 potest,
765 443 811 479 ut
835 436 961 478 sensit
991 435 1258 492 Augustinus,
1293 435 1419 490 (quod
1443 436 1590 491 quibus
1614 437 1782 479 circum-

317 504 478 545 stantiis
509 518 653 546 verum
678 503 742 552 sit,
775 502 978 544 discutere
1007 515 1089 542 non
1121 507 1182 543 est
1206 501 1326 556 hujus
1353 501 1448 556 loci)
1479 503 1551 544 sed
1575 508 1617 544 et
1647 509 1783 558 potest

317 569 521 611 retinere:
557 569 697 624 itaque
720 568 836 610 addit
859 567 926 609 ille
945 583 954 610 :
983 576 1210 622 utrumque
1233 568 1404 620 quidem
1417 570 1593 623 pariter
1617 569 1780 611 licitum

317 643 378 677 est
406 649 490 689 per
520 636 745 689 justitiam
785 648 880 690 quoe
916 648 1062 675 corani
1103 635 1291 675 Domino
1329 642 1418 675 est:
1453 642 1493 676 et
1537 633 1632 676 ideo
1671 636 1786 677 nihil

317 702 469 743 horam
492 702 693 756 prohibet
721 701 948 749 Dominus,
980 701 1054 741 scol
1084 714 1167 741 non
1202 707 1426 753 utramque
1457 702 1638 755 expedit.
1709 700 1784 742 Ul-

317 766 463 822 pianus
498 766 550 808 de
580 766 793 809 venditore
828 766 891 807 cui
922 771 1015 821 post
1055 765 1163 807 diem
1198 764 1474 820 praestitutum
1510 766 1649 808 vinum
1689 766 1784 808 licet

318 832 551 875 effundere:
588 834 628 875 si
654 841 794 874 tamen
819 847 913 875 cum
931 839 1074 887 posset
1104 833 1328 886 effundere,
1353 846 1436 873 non
1460 834 1656 887 effundit,
1692 834 1784 874 lan-

319 900 492 941 dandus
515 908 575 941 est
591 900 753 954 potius.

420 967 448 1007 2
495 965 635 1007 eAlias
658 979 756 1007 vero
785 964 909 1006 licere
936 963 1090 1019 aliquid
1123 963 1284 1013 dicitur,
1317 978 1398 1005 non
1422 964 1531 1019 quod
1563 964 1677 1007 salva
1701 964 1784 1020 pie-

318 1037 405 1074 tate
429 1037 472 1074 et
495 1031 715 1073 officiorum
747 1030 901 1088 regulis
925 1030 1013 1071 fieri
1042 1035 1189 1086 potest,
1226 1029 1298 1072 sed
1323 1029 1432 1085 quod
1460 1031 1571 1086 apud
1601 1030 1785 1072 homines

316 1112 449 1154 poenae
483 1112 565 1139 non
588 1096 783 1152 subjacet.
857 1096 924 1138 Sic
947 1096 1056 1151 apud
1088 1095 1259 1151 populos
1290 1096 1440 1137 multos
1467 1096 1641 1138 scortari
1664 1096 1784 1139 licet:

317 1164 428 1219 apud
451 1162 783 1205 Lacedaemonios
815 1167 857 1203 et
883 1161 1111 1217 AEgyptios
1141 1161 1264 1203 etiam
1288 1160 1418 1203 furari
1444 1161 1604 1204 licebat.
1661 1162 1785 1218 Apud

319 1229 614 1280 Quintilianum
640 1234 727 1270 est:
763 1236 862 1270 sunt
890 1229 1088 1281 quceclam
1122 1242 1205 1269 non
1230 1229 1477 1270 laudabilia
1502 1237 1680 1276 natura,
1712 1231 1787 1271 sed

307 1296 410 1350 jure
440 1310 648 1345 concessa,
684 1303 731 1336 ut
755 1296 802 1336 in
834 1307 911 1335 ΧΠ.
939 1294 1112 1345 tabulis,
1142 1294 1346 1337 debitoris
1372 1309 1526 1350 corpus
1553 1295 1667 1337 inter
1699 1310 1784 1338 cre-

318 1425 563 1464 Chrysostomus
586 1425 625 1453 ad
650 1433 671 1453 1.
693 1423 767 1453 Cor.
791 1423 841 1452 vii.
870 1423 968 1460 (vers.
987 1423 1016 1453 9.

314 1484 392 1513 pag.
407 1475 475 1504 359.
500 1474 591 1503 Toni.
610 1482 648 1504 11.
670 1473 736 1502 Ed.
752 1472 869 1511 Savz'l.)
900 1471 1018 1509 βελτί-

314 1536 371 1553 ονα
389 1525 531 1553 δείκνυσι
551 1524 613 1558 τήν
629 1522 841 1561 ἐγκράτειαν,
863 1522 1017 1551 meliorem

314 1575 446 1604 ostendit
467 1574 695 1603 continentiam.
738 1573 789 1602 Ad
812 1574 907 1602 Rom.
922 1572 971 1601 vii.
988 1571 1015 1601 6.

315 1624 376 1663 κᾷν
403 1624 445 1663 μή
469 1623 656 1661 πειθώμεθα
681 1622 734 1652 καὶ
759 1622 897 1660 γέενναν
921 1622 1015 1656 η’πεί-

314 1673 410 1711 λησε,
443 1674 566 1703 δεικνὺς
591 1673 645 1701 ὅτι
669 1674 704 1702 οὺ
732 1674 793 1707 τῆς
819 1672 1017 1710 φιλοτιμίας

313 1724 380 1752 τῶν
390 1722 637 1762 ἀγωνιζομένων
648 1722 690 1752 τιὶ
702 1722 894 1761 ζητούμενα,
903 1720 1017 1758 ὥσπερ

314 1773 332 1807 ἠ
348 1772 509 1811 παρθενῖα
525 1772 578 1802 καὶ
592 1772 813 1810 α’κτηβοσύνη,
826 1770 918 1800 (lxm
933 1769 1016 1799 ’πάν-

314 1834 380 1850 ’Τως
400 1821 487 1851 αὐτοί
504 1822 680 1857 η’νυσθῆναι
696 1821 754 1850 δεῖ·
776 1820 838 1849 711‘82'
848 1819 1017 1858 prseceptz's

314 1872 492 1901 obediamus
513 1873 680 1910 qehemzam
693 1871 828 1899 minatus
842 1873 896 1905 est,
916 1872 1016 1898 osten-

315 1922 420 1960 ditque
437 1922 500 1950 Izzsc
519 1931 583 1959 qnae
601 1921 746 1958 postulat
762 1930 822 1948 non
842 1929 905 1948 esse
924 1929 960 1948 ei·
975 1919 1016 1948 iis

315 1981 384 2009 qua>
411 1974 561 2000 certantes
589 1974 695 2007 suopte
721 1970 825 1998 studio
852 1972 1016 2007 praestant,

315 2021 427 2059 qualia
448 2023 519 2049 sunt
542 2020 711 2058 viryinitas
737 2022 765 2047 et
788 2018 1016 2055 possessionum

314 2071 486 2105 abdicatio,
504 2070 560 2099 sed
572 2070 693 2098 omnino
708 2078 745 2097 ea
762 2069 867 2097 debent
881 2068 1015 2105 impleri.

314 2120 472 2159 (Pag.91.
495 2120 605 2149 eodem
627 2117 735 2156 Toni.)
778 2118 923 2146 Secunda
944 2126 1014 2145 ora-

312 2171 400 2200 tione
415 2171 453 2199 de
466 2169 606 2208 jejunio:
628 2168 757 2206 ἀφῆκεν
773 2167 835 2205 ἔξω
851 2169 917 2196 τῶν
933 2179 1015 2196 στα-

313 2220 401 2253 δίων,
430 2219 561 2257 α’φῆκεν
588 2217 743 2256 α’νωτέρω
778 2220 845 2246 τῶν
878 2217 1015 2256 α’γιόνων

312 2269 375 2303 ’τήν
389 2268 582 2305 παρθενίαν.
597 2268 649 2297 ἵνα
665 2267 718 2296 καὶ
731 2266 760 2295 οἱ
776 2267 1014 2304 κατορθοῦντες

313 2319 376 2353 τήν
397 2318 521 2347 οἰκείαν
542 2317 807 2356 μεγαλοψυχίαν
826 2317 1013 2355 ἐπιδείξων·

1084 1433 1154 1458 ται,
1177 1420 1229 1450 καὶ
1240 1421 1278 1450 ὀἱ
1299 1420 1343 1459 μή
1363 1420 1600 1458 κατορθοῦντες
1620 1423 1681 1456 τῆς
1702 1433 1784 1461 συγ-

1084 1471 1215 1510 γνώμης
1230 1470 1449 1500 ἀπολαύσωσι
1460 1472 1520 1500 τοῦ
1535 1471 1715 1500 δεσπότου·
1734 1481 1784 1501 Τε-

1084 1521 1177 1559 liqm't
1195 1525 1285 1550 extra
1308 1522 1424 1557 stadia,
1447 1522 1575 1559 reliquit
1598 1531 1696 1560 snpra
1719 1531 1785 1551 cer-

1084 1571 1173 1600 tandi
1193 1571 1286 1609 quem
1301 1571 1517 1600 continentiam
1536 1571 1730 1610 virqz'nalcm,
1753 1575 1786 1601 ut

1084 1624 1112 1650 et
1137 1621 1191 1659 qni
1211 1621 1246 1649 id
1260 1624 1415 1659 praestant
1432 1621 1531 1649 (mimi
1551 1622 1600 1650 sui
1624 1622 1786 1651 ostendant

1083 1671 1333 1709 maqnz’tzcdincm,
1346 1671 1436 1709 etqui
1450 1681 1509 1699 non
1517 1674 1670 1708 prastant
1680 1672 1785 1700 indul-

1083 1721 1189 1759 9cntia
1224 1721 1355 1749 Domini
1384 1720 1548 1759 fruantur.
1596 1721 1702 1758 (Toni.
1729 1730 1781 1750 VI.

1085 1780 1158 1808 pag.
1175 1770 1261 1808 833.)
1305 1770 1399 1805 Quod
1414 1780 1487 1799 mox
1506 1773 1597 1808 aptat
1617 1773 1650 1800 et
1670 1772 1709 1799 ad
1725 1771 1782 1800 α’κ-

1083 1820 1272 1857 τημοσὺνην
1292 1820 1523 1858 possessionum
1541 1820 1783 1851 abdicationem.

1085 1870 1198 1909 Adjice
1214 1880 1284 1908 quae
1299 1871 1395 1899 habet
1412 1871 1583 1899 Gratianus
1597 1880 1636 1900 ex
1652 1872 1781 1910 Augus-

1084 1921 1151 1949 tino
1167 1924 1199 1949 et
1213 1921 1281 1949 aliis
1296 1920 1326 1948 in
1343 1929 1436 1948 causa
1452 1928 1522 1948 XIV.
1539 1921 1712 1958 quaestione
1728 1922 1755 1949 1.

1141 1975 1153 1991 ⁰
1177 1969 1314 1999 Clemens
1334 1969 1582 2007 Alexandrinus]
1605 1969 1783 1999 Stromaton

1084 2028 1132 2049 lv,
1154 2019 1207 2047 ubi
1228 2019 1312 2047 inter
1332 2019 1394 2047 alia
1418 2019 1457 2047 de
1481 2020 1633 2048 secundas
1655 2020 1783 2057 nuptias

1083 2070 1218 2097 faciente
1238 2069 1300 2098 ait:
1322 2070 1418 2098 οὗτος
1441 2070 1504 2107 οὐχ
1525 2068 1708 2107 ἁμαρτάνει
1724 2070 1783 2107 μὲν

1084 2118 1170 2148 nav-a*
1186 2118 1349 2153 διαθήκην.
1366 2120 1400 2147 οὺ
1416 2118 1482 2156 γάρ
1498 2119 1684 2148 κεκώλυται
1699 2119 1783 2157 ’πρὸς

1082 2169 1142 2197 τοῦ
1165 2169 1272 2206 νόμου.
1294 2169 1328 2197 οὺ
1350 2169 1476 2206 πληροῖ
1496 2169 1529 2197 δὲ
1550 2170 1610 2203 τῆς
1631 2168 1720 2198 κατεῖ
1740 2169 1781 2198 τὸ

1083 2218 1283 2256 εὐαγγέλιον
1297 2219 1476 2247 πολιτείας
1495 2217 1557 2253 τήν
1571 2218 1645 2247 κατ’
1662 2218 1781 2247 ἐπίτα-

1083 2280 1134 2297 σιν
1159 2267 1374 2302 τελειότητα·
1396 2277 1456 2295 non
1472 2270 1583 2305 peccat
1605 2267 1633 2295 is
1659 2267 1780 2304 quidem

1082 2318 1114 2346 in
1127 2317 1254 2355 finctus.-
1279 2326 1373 2354 neque
1391 2317 1470 2346 enim
1489 2317 1556 2346 ulla
1579 2316 1628 2346 Iex
1651 2320 1694 2346 est
1715 2326 1780 2355 qaae

313 2494 405 2517 once
432 2483 518 2528 only
539 2482 568 2516 is
596 2482 739 2522 better3
765 2481 794 2515 it
815 2481 844 2515 is
864 2480 990 2515 lnwful
1006 2480 1066 2515 for
1085 2491 1107 2514 a
1132 2480 1318 2514 Christian
1342 2479 1512 2514 husband
1533 2483 1572 2514 to
1599 2479 1703 2515 leave
1723 2480 1780 2515 his

312 2551 434 2586 pagan
470 2539 554 2574 wife
591 2534 645 2585 (in
677 2538 819 2573 certain
855 2533 1169 2585 circumstances),
1198 2537 1265 2571 but
1297 2537 1344 2571 he
1377 2547 1462 2582 may
1493 2537 1588 2582 keep
1619 2537 1707 2572 her:
1741 2549 1780 2572 as

312 2597 521 2642 Augustino
542 2608 634 2642 says,
656 2595 749 2630 both
769 2607 832 2629 are
852 2594 977 2629 lawful
999 2594 1127 2629 before
1150 2594 1245 2634 God,
1272 2594 1340 2628 but
1361 2598 1427 2628 not
1447 2593 1545 2628 alike
1568 2594 1777 2640 expedient.

312 2654 452 2699 Ulpian
473 2664 567 2699 says,
590 2653 673 2687 that
698 2664 720 2686 a
740 2652 860 2692 sellem
886 2652 984 2686 aster
1008 2651 1072 2686 the
1099 2652 1170 2697 day
1190 2651 1394 2697 appointed
1413 2651 1473 2684 for
1493 2650 1695 2696 delivering
1716 2650 1780 2685 the

314 2712 418 2751 wine,
443 2722 528 2756 may
546 2711 598 2745 let
615 2711 643 2744 it
660 2721 731 2744 run
749 2721 872 2755 away3
897 2711 955 2743 bnt
974 2709 1102 2754 thou-qh
1118 2710 1157 2743 ho
1176 2720 1261 2754 may
1278 2709 1357 2742 thus
1373 2708 1456 2742 shed
1471 2708 1509 2749 it,
1530 2708 1619 2752 {flac
1642 2709 1686 2741 do
1703 2714 1780 2748 not,

313 2768 352 2801 lze
369 2768 398 2801 is
418 2769 540 2802 rather
557 2774 589 2801 to
611 2769 647 2801 be
661 2768 815 2812 praised.

391 2827 411 2856 2
448 2825 493 2857 In
518 2824 626 2858 other
646 2835 746 2859 cases
767 2835 789 2858 a
814 2823 920 2869 thing
940 2823 969 2858 is
987 2823 1065 2858 said
1086 2826 1125 2857 to
1150 2822 1197 2857 be
1222 2821 1358 2862 lawful,
1377 2824 1443 2855 not
1464 2819 1583 2854 which
1600 2820 1629 2854 is
1650 2830 1778 2865 agree-

313 2879 397 2914 able
426 2884 465 2914 to
486 2881 588 2926 piety
608 2881 681 2915 and
703 2881 806 2927 duty,
829 2881 896 2915 but
929 2880 1045 2914 which
1074 2881 1104 2914 is
1134 2883 1200 2914 not
1230 2879 1340 2913 liable
1361 2882 1399 2912 to
1424 2876 1674 2922 punishment.
1728 2877 1778 2911 So

313 2947 448 2982 among
477 2948 579 2971 some
600 2938 732 2983 people
761 2938 985 2973 fornication
1006 2938 1048 2978 is,
1068 2937 1105 2971 in
1137 2936 1208 2971 this
1230 2946 1346 2976 sense,
1371 2934 1518 2975 lawfu13
1548 2934 1622 2968 and
1642 2945 1779 2979 among
