1971 3326
621 383 812 426 CAPUT
849 385 992 426 XXII.

215 496 284 530 DE
316 496 435 530 FIDE
467 494 721 531 MINORUM
751 495 1098 531 POTESTATUM
1129 496 1186 531 IN
1216 496 1396 533 BELLO.

135 597 165 632 I.
227 596 376 631 Ducum
390 609 530 643 ymera.
1011 609 1098 632 csse:

123 654 173 689 II.
241 654 424 697 Quatenus
440 666 562 690 eorum
572 655 695 700 pactio
711 656 768 689 ob·
868 654 976 689 VIII.
1012 654 1074 689 An
1104 655 1268 691 inducias
1295 657 1392 699 dare,
1412 658 1540 693 distin-

239 713 320 757 liyet
336 724 514 747 summam
530 717 734 757 potestatem
746 724 757 745 .·
1009 713 1146 758 quitur.

118 768 190 803 III.
240 768 317 803 Aut
333 770 546 804 occasionem
562 769 770 815 obbiyatiom·
894 768 965 803 IX.
1019 770 1108 812 Quce
1119 771 1286 806 securitas
1291 783 1543 817 personarum,

238 827 304 861 dec.
1013 839 1093 873 quoe
1125 839 1180 862 res
1211 829 1256 863 ab
1287 829 1373 874 ipsis
1405 832 1543 866 concedi

112 883 178 919 IV.
241 884 340 927 Quid
358 884 389 918 si
398 885 547 931 factum
576 884 664 929 quid
686 895 767 918 con·
1006 885 1154 930 possint.

237 948 298 976 tra
325 941 568 976 mccndatum?
603 942 664 976 ubi
695 942 767 976 dis-
895 941 945 976 X.
1009 942 1139 978 Stricta
1158 943 1429 989 interpretanda
1449 945 1542 980 talia

239 999 418 1034 tinctiones
436 999 658 1034 adhibentur.
1005 1006 1129 1045 pacta,
1146 1007 1176 1035 cc
1193 1013 1303 1046 quare
1314 1001 1333 1036 ,P

126 1056 172 1090 V.
237 1055 300 1091 An
330 1056 397 1091 tali
424 1068 509 1092 casu
528 1068 622 1102 pars
651 1056 767 1091 altera
885 1056 955 1092 XI.
1012 1058 1193 1100 Quomodo
1204 1059 1474 1105 interpretanda
1484 1061 1541 1095 de-

238 1115 420 1159 obliyetur.
1011 1116 1098 1149 ditio
1115 1128 1139 1149 a
1156 1117 1241 1151 duce
1258 1123 1408 1162 accepta·

120 1170 188 1206 VI.
243 1171 341 1214 Quid
369 1172 448 1206 belli
472 1172 573 1206 duces
598 1177 663 1206 aut
686 1183 764 1206 ma-
875 1171 966 1207 XII.
1016 1172 1198 1216 Quomodo
1235 1175 1362 1215 cautio,
1398 1175 1430 1209 si
1464 1175 1540 1221 regyi

236 1229 409 1274 9istratus
424 1229 564 1275 possint
588 1229 685 1264 circa
709 1230 765 1263 in-
1008 1236 1072 1264 aut
1086 1231 1222 1276 populo
1239 1231 1353 1265 visum
1363 1233 1494 1279 fuerit.

227 1287 382 1334 seriores
399 1298 442 1328 se,
463 1292 527 1321 aut
541 1299 613 1332 pro
630 1287 763 1321 iisdem.
869 1286 979 1322 XIII.
1014 1288 1196 1330 Quomodo
1232 1289 1452 1334 promissum
1498 1291 1539 1325 de

101 1343 190 1379 VII.
236 1344 370 1380 Pacem
389 1346 515 1392 facere
540 1345 671 1379 ducum
696 1356 768 1379 non
1011 1346 1139 1391 oppido
1159 1347 1343 1383 tradendo·

65 1444 99 1486 I.
207 1444 247 1485 N
250 1445 365 1486 TER
389 1443 573 1500 publicas
597 1443 887 1486 conventiones
913 1443 1142 1500 ¹Ulpianus
1167 1450 1209 1486 et
1232 1446 1339 1488 hane
1360 1447 1537 1503 speeiem
1558 1466 1589 1489 L.
1603 1466 1726 1490 convent.

238 1510 386 1566 posuit,
409 1512 568 1566 quoties
592 1512 704 1552 inter
736 1525 778 1552 se
809 1512 936 1553 duces
962 1512 1060 1553 belli
1083 1514 1282 1565 quoedam
1307 1516 1539 1570 paciscun-
1556 1497 1755 1527 5'D'depact'

67 1585 150 1619 tur.
219 1578 307 1619 Nos
339 1576 515 1619 diximus
543 1582 637 1632 post
668 1576 791 1618 fidem
822 1576 962 1619 datam
993 1592 1020 1619 a
1051 1578 1218 1620 summis
1249 1580 1536 1635 potestatibus,

64 1642 272 1700 agendum
292 1649 335 1685 et
358 1643 410 1685 de
432 1657 496 1694 ea,
522 1657 644 1698 quam
670 1643 772 1684 dant
795 1642 974 1685 minores
997 1643 1107 1686 inter
1132 1659 1187 1694 se,
1211 1652 1284 1686 aut
1307 1645 1421 1689 aliis:
1453 1646 1539 1688 sive

65 1709 246 1750 minores
269 1709 327 1750 illi
348 1708 515 1751 summis
544 1708 627 1750 sint
650 1708 838 1763 proximi,
865 1710 1007 1764 quales
1031 1716 1128 1752 sunt
1146 1710 1270 1752 duces
1289 1712 1538 1754 excellenter

67 1774 178 1824 dicti,
215 1775 268 1816 de
302 1775 450 1830 quibus
481 1773 582 1815 illud
607 1773 715 1815 Livii
746 1773 1016 1829 capiendum:
1052 1791 1127 1818 nec
1158 1779 1307 1819 ducem
1329 1780 1537 1829 novimus,
1556 1794 1616 1820 Lib.
1630 1795 1664 1820 iv.
1678 1796 1716 1820 20.

65 1843 156 1883 nisi
177 1841 296 1895 cujus
320 1841 517 1895 auspicio
543 1841 696 1881 bellum
725 1841 894 1894 yerz'tur
911 1857 923 1881 .·
959 1841 1046 1883 sive
1068 1842 1230 1899 longius
1251 1843 1414 1894 remoti,
1438 1860 1539 1901 quos

66 1907 123 1948 sic
147 1906 364 1964 distinguit
389 1907 554 1948 Caesar:
594 1907 696 1948 alioe
724 1915 823 1948 sunt
853 1907 986 1962 Zefsati
1016 1916 1181 1963 partes,
1218 1910 1321 1950 alioe
1344 1911 1538 1967 Impera-
1558 1931 1755 1968 eonnmfimffl,

68 1975 186 2016 toris.
235 1974 362 2015 Alter
383 1987 509 2027 agyere
533 1973 594 2013 ad
608 1973 930 2028 prcescriptum,
956 1974 1068 2017 alter
1091 1975 1219 2017 libere
1243 1977 1304 2017 ad
1327 1991 1540 2020 summam
1556 1964 1597 1989 De
1611 1964 1675 1988 ΒΜ
1691 1964 1746 1987 ⁶²⁶²

67 2054 213 2082 rerum
235 2039 449 2081 consulere
473 2039 603 2080 debet.

69 2154 79 2173 ¹
102 2155 184 2186 Vide
206 2153 403 2184 celeberrimi
427 2156 459 2183 et
484 2153 599 2183 summi
620 2153 641 2183 J
646 2153 700 2183 Cti
727 2154 813 2184 Clar.
838 2155 962 2185 NooDT
982 2157 1132 2187 eximium
1151 2157 1284 2188 Librum
1305 2160 1357 2190 De
1376 2160 1487 2191 Paetis
1509 2164 1538 2192 et

526 2203 814 2239 Trans-actionibus,
829 2213 897 2242 cap.
910 2205 937 2235 7.
981 2206 1019 2236 J.
1034 2207 1075 2236 B.

136 2373 318 2407 CHAPTER
339 2371 467 2407 XXII.
532 2371 590 2419 Of
603 2371 656 2406 the
671 2371 780 2404 Faith
796 2372 843 2418 of
851 2372 1078 2407 subordinate
1097 2373 1243 2408 Powers
1259 2375 1299 2409 in
1316 2387 1340 2409 a
1361 2375 1467 2410 War.

140 2451 171 2485 I.
198 2450 345 2496 Among
356 2450 489 2485 Publio
503 2450 764 2491 Oonventions‚
778 2449 919 2495 Ulpian
932 2451 1056 2496 places
1072 2451 1146 2486 this
1161 2451 1268 2486 class:
1290 2452 1403 2486 ern
1424 2453 1537 2488 Gene-

69 2509 146 2543 ναῖε
161 2508 263 2542 mulce
283 2513 505 2552 ayo-aemonis,
543 2507 612 2541 We
628 2507 721 2541 have
739 2506 818 2541 said
838 2506 930 2549 that,
952 2508 1051 2543 after
1070 2507 1166 2542 saith
1186 2509 1216 2542 is
1232 2508 1392 2554 pledged
1410 2509 1459 2555 by
1472 2510 1537 2546 the

68 2575 241 2611 supreme
253 2574 407 2609 powers,
425 2575 478 2598 we
495 2567 595 2598 must
615 2563 786 2598 consider
801 2563 884 2599 that
904 2564 1024 2599 which
1047 2565 1110 2599 the
1132 2565 1373 2600 subordinate
1394 2578 1537 2611 powers

68 2622 202 2668 pledge
219 2624 259 2655 to
281 2631 353 2654 one
370 2620 527 2655 another
545 2631 587 2654 or
602 2623 641 2654 to
659 2620 803 2655 others:
830 2621 997 2656 whether
1014 2622 1120 2656 those
1137 2622 1379 2657 subordinate
1395 2635 1538 2669 powers

68 2690 132 2713 are
153 2678 259 2712 those
275 2680 423 2711 nearest
443 2681 482 2711 to
498 2676 562 2712 the
579 2688 762 2723 supreme,
778 2689 818 2713 as
836 2678 1016 2713 Generals
1033 2679 1210 2725 properly
1225 2690 1266 2715 so
1284 2680 1414 2721 called,
1430 2679 1539 2723 (with

68 2735 203 2782 regard
219 2738 258 2769 to
275 2733 396 2768 whom
417 2745 470 2768 we
491 2738 590 2768 must
606 2734 835 2769 understand
852 2735 917 2769 the
938 2736 1151 2781 expression
1171 2735 1214 2770 of
1230 2736 1335 2782 Livy,
1356 2736 1407 2771 W
1404 2748 1420 2771 e
1435 2737 1539 2772 know

68 2805 115 2827 no
130 2792 286 2827 Genoral
301 2797 417 2836 except
434 2791 507 2825 him
523 2792 599 2825 who
620 2792 784 2826 conducts
801 2793 853 2826 the
868 2804 948 2826 war
956 2790 987 2834 ;)
1009 2803 1051 2826 or
1067 2792 1174 2827 those
1190 2792 1335 2828 farther
1350 2795 1537 2837 removed,

69 2850 113 2885 of
137 2849 259 2884 whom
289 2848 403 2883 Cesar
432 2848 518 2883 thus
548 2848 691 2894 speaks,
724 2847 761 2882 A
789 2849 986 2894 Briyadz'er
1014 2850 1078 2883 has
1104 2861 1167 2884 one
1196 2851 1295 2896 duty,
1325 2862 1349 2884 a
1381 2851 1538 2887 General

68 2908 241 2944 another,-
272 2907 324 2940 the
340 2907 486 2953 former
502 2906 532 2940 is
554 2912 587 2940 to
604 2912 737 2941 eccecute
752 2906 804 2940 his
821 2907 942 2941 orders
953 2919 968 2947 ,·
995 2907 1048 2941 tlzc
1069 2907 1174 2942 latter
1193 2913 1227 2943 to
1248 2913 1305 2942 act
1314 2909 1436 2955 fi'eely
1453 2910 1538 2945 with

68 2965 202 3010 reyard
216 2969 249 2999 to
268 2964 321 2999 the
341 2963 448 2998 whole
463 2970 608 3010 posture
628 2965 676 3009 of
687 2963 826 3008 affairs.
