1971 3326
201 195 286 236 418

202 316 307 346 David
322 326 341 346 a
349 317 534 356 juramento
548 319 660 349 illicito
676 320 838 359 implendo
860 321 1011 352 abstinet.

246 366 278 396 ii.
296 368 346 401 13,
362 367 381 397 6

206 414 351 445 Debendi
379 426 440 446 vox
468 418 606 448 diversas
632 420 729 449 habet
753 420 1010 459 significationeS.

249 466 282 495 ii.
296 466 326 504 7,
342 468 378 503 33
401 466 428 496 ὣ
444 469 472 505 4,
489 470 505 497 1

208 515 363 545 Debitum
379 526 441 546 non
463 527 501 546 ex
517 518 643 556 justitia
656 528 781 548 causam
792 519 912 557 justam
927 520 1012 548 bello

249 575 314 594 non
329 567 394 597 dat.
415 567 447 596 ii.
466 569 515 605 22,
532 569 579 605 16,
596 571 612 597 1

207 613 329 645 Debita
342 625 382 644 an
396 616 526 646 remissa
544 627 622 655 pace
636 621 881 656 praesumantur.
902 619 944 648 iii.
961 621 1011 655 20,

250 665 289 694 16

208 713 329 743 Debito
343 715 557 745 universitatis
579 725 619 745 an
634 717 752 755 singuli
771 718 964 757 obligentur,
981 722 1014 749 et

251 767 420 801 quatenus.
441 765 473 795 ii.
489 767 517 801 5,
534 768 570 795 17

209 814 398 844 Debitorem
414 817 531 846 carceri
546 817 686 847 eximens
707 819 855 849 creditori
874 822 1014 852 tenetur.

250 864 292 894 iii.
310 866 339 903 1,
355 866 385 900 5,
402 868 422 896 3

211 913 367 953 Decalogi
382 916 484 954 prima
506 920 643 955 quatuor
665 922 827 958 praecepta
849 920 1015 950 continent

252 965 358 994 omnia
373 974 457 995 verae
471 967 635 1005 religionis
649 970 801 999 membra.
824 971 856 999 ii.
871 972 921 1004 20,
937 972 976 1000 45

211 1015 471 1045 Decemvirorum
488 1017 599 1047 Romae
612 1018 833 1057 juramentum
850 1021 889 1050 de
903 1030 937 1051 re
952 1022 1014 1051 illi-

253 1066 326 1095 cita.
348 1067 381 1095 ii.
398 1068 444 1103 13,
461 1067 480 1097 6

211 1113 338 1144 Decent
353 1125 416 1144 non
432 1125 468 1145 ea
484 1118 600 1153 omnia,
616 1128 686 1156 quae
700 1119 808 1150 licent.
832 1121 877 1151 iii.
893 1123 923 1157 4,
939 1124 957 1151 2

212 1163 437 1202 Deceptiones,
454 1175 524 1204 quae
539 1167 674 1197 vitandae
692 1169 889 1203 Christianis.
922 1172 965 1201 iii.
988 1174 1016 1210 1,

254 1216 303 1249 12,
320 1224 408 1254 seqq.

182 1305 192 1310 ἱ
213 1265 347 1295 Decima
361 1267 399 1296 de
414 1268 521 1305 praeda
536 1272 731 1300 consecrata.
753 1271 796 1300 iii.
813 1271 841 1308 6,
857 1273 884 1308 1,
900 1274 917 1301 1

214 1316 352 1346 Deditus
366 1327 424 1347 nec
439 1322 586 1357 receptus
602 1329 643 1348 an
659 1320 733 1350 civis
748 1325 886 1351 maneat.
922 1323 954 1354 ii.
968 1326 1017 1362 21,

251 1367 282 1404 4,
298 1366 315 1396 7

212 1415 324 1445 Dediti
343 1417 411 1446 sine
431 1418 612 1448 conditione
632 1429 673 1449 an
699 1421 798 1450 occidi
816 1422 948 1460 possint.
973 1423 1018 1454 iii.

253 1468 285 1504 4,
302 1469 339 1497 12

215 1516 347 1547 Deditio
363 1520 587 1557 conditionata,
608 1524 641 1551 et
662 1521 729 1560 ejus
744 1522 885 1552 effectus.
916 1523 949 1552 ii.
970 1523 1018 1559 15,

256 1566 284 1602 7,
299 1568 317 1596 2

217 1616 327 1647 Dediti
341 1620 467 1656 quando
488 1621 611 1658 possint
631 1621 778 1651 interfici.
799 1623 843 1651 iii.
861 1624 909 1659 11,
924 1623 972 1659 16,
988 1625 1016 1652 1.

256 1668 453 1707 Recipiendi.
484 1670 525 1700 iii.
543 1673 590 1707 11,
606 1673 652 1701 14.
693 1672 820 1702 Deditis
842 1682 922 1711 pure
942 1673 1019 1711 quid

255 1719 434 1749 faciendum
460 1721 510 1757 sit,
535 1723 738 1751 statuendum
764 1733 783 1752 a
806 1733 895 1762 rege,
923 1727 979 1752 aut
1000 1733 1019 1752 a

255 1770 386 1807 populo.
408 1770 450 1798 iii.
466 1772 513 1808 22,
529 1773 576 1801 11.
619 1772 809 1802 Deditorum
831 1774 949 1812 oppida
969 1774 1019 1802 in-

259 1819 350 1846 cendi
365 1821 580 1857 possuntjure
595 1822 681 1851 belli.
704 1822 746 1851 iii.
762 1824 792 1858 5,
811 1825 827 1851 1

217 1865 348 1895 Deditio
362 1877 452 1905 pura.
493 1869 536 1903 iii.
551 1871 601 1905 20,
612 1871 661 1906 49,
678 1872 704 1906 1,
720 1870 747 1899 δι
763 1873 791 1906 2,
806 1873 834 1907 5,
848 1873 885 1901 31

364 1919 534 1954 antequam
560 1928 685 1947 murum
713 1920 793 1949 aries
817 1922 1018 1958 percusserit.

258 1964 301 1994 iii.
318 1967 365 2001 11,
380 1967 428 2002 14,
443 1968 462 1994 2

216 2012 397 2044 Defendere
411 2015 611 2047 innocentem
626 2027 666 2046 an
679 2021 854 2054 teneamur,
870 2021 903 2048 et
917 2028 1018 2057 quan-

259 2063 310 2093 do.
332 2064 364 2093 ii.
379 2066 429 2100 25,
444 2068 472 2102 3,
489 2069 505 2094 1
522 2066 549 2096 St
563 2077 631 2106 cap.
648 2069 679 2105 4,
694 2070 724 2102 8,
740 2070 759 2097 2

219 2112 403 2143 Defendens
426 2125 459 2145 se
476 2126 539 2145 non
564 2127 644 2155 opus
669 2119 765 2147 habet
780 2117 1020 2147 denuntiatione

255 2162 329 2200 jure
343 2166 476 2193 naturae.
496 2166 539 2194 iii.
556 2168 584 2202 3,
600 2166 619 2196 6

220 2211 373 2241 Defensio
388 2222 428 2241 an
439 2213 491 2251 jus
507 2215 561 2244 det
575 2215 606 2243 in
621 2216 763 2251 tertium,
780 2216 834 2253 qui
853 2225 916 2244 non
932 2217 1022 2245 inva-

261 2261 317 2290 dit.
339 2262 371 2291 ii.
387 2264 414 2299 1,
429 2264 458 2291 4.
500 2262 633 2301 Rerum,
649 2274 689 2293 an
707 2265 761 2303 jus
777 2266 830 2294 det
846 2267 1020 2295 occidendi.

257 2312 289 2340 ii.
307 2314 334 2349 1,
346 2315 392 2343 11.
424 2314 527 2343 Licita
540 2315 572 2343 in
582 2317 776 2353 aggi-essoris
791 2317 961 2355 adjutores.
978 2318 1021 2347 iii.

261 2362 289 2396 1,
303 2362 340 2397 33
361 2362 402 2390 iii.
420 2364 450 2396 1,
466 2364 494 2398 5,
509 2364 528 2392 3

220 2411 423 2442 Defensionis
444 2416 533 2443 actus
555 2423 665 2452 pacem
680 2424 744 2444 non
759 2416 889 2454 rumpit.
912 2416 954 2444 iii.
970 2417 1021 2454 20,

261 2461 310 2496 36,
325 2460 351 2490 ὣ
367 2463 406 2491 38

220 2510 372 2541 Defensio
394 2513 427 2542 in
447 2514 538 2543 bellis
557 2515 692 2552 publicis
708 2525 788 2554 quae,
804 2519 836 2546 et
852 2517 963 2555 qualis.
987 2517 1018 2546 ii.

261 2562 291 2595 1,
306 2561 354 2591 16.
396 2563 435 2590 In
457 2563 515 2599 his,
538 2564 592 2601 qui
608 2565 692 2594 bello
713 2574 837 2594 causam
854 2566 1020 2602 dederunt,

261 2618 325 2638 non
341 2611 438 2640 licita.
463 2613 493 2641 ii.
511 2615 538 2649 1,
554 2614 591 2642 18

223 2658 405 2690 Deflorator
427 2662 556 2700 virginis
579 2663 619 2691 ad
642 2663 717 2700 quid
739 2665 895 2693 teneatur.
925 2664 956 2693 ii.
973 2664 1020 2699 17,

260 2711 299 2740 15

221 2759 389 2789 Defunctis
404 2761 508 2798 gratia
517 2761 660 2790 redditur
674 2762 705 2790 in
716 2762 831 2791 liberis.
854 2762 887 2791 ii.
903 2762 930 2798 7,
945 2763 974 2798 9,
988 2764 1007 2791 2

222 2807 372 2845 Dejectus
387 2810 510 2846 dicitur,
532 2811 586 2848 qui
606 2812 722 2840 vetitus
743 2814 790 2840 est
804 2812 964 2841 accedere.
985 2812 1018 2842 ii.

263 2857 407 2893 1QJ2,1

219 2906 348 2936 Delatio
372 2907 559 2936 conditionis
582 2911 657 2938 ante
680 2911 933 2948 acceptationem
955 2920 1019 2940 non

261 2955 393 2994 obligat.
415 2955 448 2984 ii.
465 2957 512 2992 10,
529 2958 567 2986 32
830 2964 838 2968 '

632 205 800 240 INDEX
830 205 1016 242 RERUM
1040 206 1445 248 PRAEOIPUARUM,

1076 321 1255 350 Deliberati
1269 324 1302 350 et
1315 321 1516 351 indeliberati
1529 323 1620 351 actus
1635 321 1806 350 distinctio.
1829 321 1874 350 iii.

1120 371 1289 408 1LQQ3

1078 420 1371 450 Deliberationibus
1391 420 1510 459 (super)
1525 419 1662 459 politicis
1685 420 1815 458 regulae.
1846 419 1881 449 ii.

1120 471 1203 506 m&

1080 519 1354 549 Deliberationum
1369 519 1456 556 fines,
1476 522 1508 549 et
1528 519 1631 548 media
1649 519 1734 548 inter
1747 528 1781 548 se
1796 527 1882 548 com-

1119 569 1270 607 paranda,
1286 572 1317 598 et
1333 569 1505 607 quomodo.
1529 569 1607 597 ibid.

1080 617 1209 646 Delicta
1233 617 1392 655 quomodo
1413 616 1628 646 contractibus
1647 616 1884 654 comparentur.

1124 666 1342 702 u2Q223

1080 715 1290 745 Denuntiatio
1302 716 1436 745 honesta
1447 716 1542 745 etiam
1553 715 1607 744 ubi
1618 724 1683 743 non
1697 713 1884 744 necessaria.

1122 765 1164 794 iii.
1181 766 1210 802 3,
1226 765 1254 801 6,
1269 767 1298 794 3.
1340 765 1379 794 In
1395 765 1510 803 quibus
1528 764 1620 793 bellis
1634 763 1819 793 necessaria.
1839 762 1884 792 iii.

1122 816 1152 851 3,
1167 814 1197 849 6,
1215 816 1246 844 2.
1287 814 1373 842 Pura
1395 816 1427 842 et
1453 813 1679 842 conditionata.
1712 812 1747 841 iii
1770 813 1799 848 3,
1814 812 1843 848 7,
1858 813 1885 842 1.

1123 865 1177 893 Ad
1191 864 1369 902 proximum
1385 864 1576 902 praesidium.
1598 863 1642 892 iii.
1656 864 1684 899 3,
1700 864 1729 900 7,
1744 864 1774 892 2.
1820 862 1886 891 Cur

1122 917 1314 954 requiratur.
1347 917 1389 945 iii.
1414 918 1443 954 3,
1470 918 1518 945 11.
1566 915 1819 944 Denuntiatione
1844 923 1885 944 an

1124 977 1214 1006 opus,
1228 967 1283 996 ubi
1297 967 1396 1005 legati
1410 967 1518 996 violati
1533 970 1617 995 sunt.
1638 966 1684 995 iii.
1699 967 1727 1002 3,
1743 967 1781 994 14

1084 1017 1305 1055 Depositarius
1320 1017 1359 1045 ad
1375 1016 1451 1054 quid
1465 1019 1621 1045 teneatur.
1642 1016 1675 1045 ii.
1693 1017 1741 1051 12,
1756 1016 1802 1052 13,
1818 1017 1836 1044 1

1083 1067 1275 1105 Depositum
1298 1067 1441 1105 praedoni
1465 1067 1673 1103 reddendum,
1692 1065 1718 1095 si
1741 1065 1887 1094 dominus

1124 1126 1187 1146 non
1202 1120 1367 1155 appareat.
1388 1117 1419 1145 ii.
1439 1118 1485 1153 13,
1501 1119 1547 1153 15,
1564 1119 1583 1146 2

1084 1164 1240 1203 Deposita
1261 1165 1344 1193 bona
1366 1167 1439 1202 post
1461 1164 1709 1202 publicationem
1732 1163 1807 1192 fisco
1821 1171 1887 1191 non

1124 1215 1222 1253 priori
1245 1216 1372 1245 domino
1395 1215 1565 1252 reddenda,
1591 1218 1623 1245 et
1648 1224 1755 1253 quare.
1789 1214 1823 1243 ii.
1839 1215 1888 1250 10,

1127 1268 1191 1303 L4

1086 1316 1274 1355 Depositam
1296 1318 1381 1355 apud
1401 1327 1433 1346 se
1450 1326 1517 1346 rem
1539 1326 1627 1346 suam
1648 1325 1741 1345 nemo
1756 1316 1888 1346 reddere

1126 1368 1263 1395 tenetur.
1286 1367 1318 1395 ii.
1334 1368 1382 1402 10,
1400 1368 1427 1403 1,
1442 1368 1460 1395 4

1085 1416 1283 1446 Derelictum
1309 1416 1385 1454 quid
1415 1419 1572 1453 censetur,
1597 1425 1654 1455 spe
1679 1416 1889 1455 recuperandi

1126 1468 1249 1497 amissa.
1273 1467 1305 1497 ii.
1320 1469 1348 1503 4,
1363 1468 1392 1503 5,
1407 1468 1424 1496 1

1085 1519 1275 1548 Desertores
1291 1518 1344 1556 jus
1366 1517 1537 1556 legationis
1557 1526 1621 1546 non
1642 1517 1770 1547 habent.
1793 1517 1824 1547 ii.
1841 1517 1890 1554 18,

1127 1570 1145 1587 0
1178 1570 1197 1596 2

1086 1618 1278 1656 Desperatio
1293 1617 1377 1646 hosti
1391 1617 1535 1656 eripitur,
1557 1617 1651 1646 rebus
1673 1617 1814 1647 servatis.
1845 1616 1889 1647 iii.

1127 1669 1252 1704 izai

1088 1717 1288 1756 Despoliatio
1303 1718 1391 1756 quid.
1412 1718 1455 1748 iii.
1470 1718 1498 1754 6,
1514 1720 1561 1753 14,
1577 1718 1594 1748 7

1087 1767 1178 1796 Deus
1195 1768 1412 1805 promittendo
1433 1768 1604 1806 obligatur.
1626 1767 1657 1796 ii.
1676 1768 1725 1805 11,
1741 1768 1771 1802 4,
1787 1768 1816 1797 1.
1850 1767 1890 1796 In

1122 1817 1306 1855 juramento
1328 1818 1419 1846 testis
1436 1821 1468 1847 et
1490 1817 1584 1847 ultor.
1613 1817 1645 1848 ii.
1664 1819 1713 1853 13,
1728 1819 1778 1848 10.
1809 1817 1891 1846 Pro-

1128 1867 1214 1895 bavit
1230 1866 1284 1904 jus
1305 1868 1429 1905 praedae.
1462 1867 1505 1896 iii.
1520 1867 1549 1902 6,
1572 1869 1598 1903 1,
1621 1868 1650 1897 2.
1692 1867 1891 1896 Nocentibus

1129 1918 1231 1955 parcit
1246 1918 1450 1947 innocentum
1465 1927 1568 1947 causa.
1594 1918 1637 1946 iii.
1654 1919 1684 1952 1,
1700 1920 1728 1946 4.
1744 1920 1773 1947 3.
1818 1918 1890 1953 Quo

1122 1966 1196 2004 jure
1220 1967 1346 2005 efficiat,
1369 1970 1406 1996 ut
1430 1970 1561 2005 peccata
1584 1967 1720 2005 posteris
1742 1969 1887 1996 noceant.

1127 2017 1159 2046 ii.
1174 2019 1223 2053 21,
1239 2019 1286 2053 14,
1302 2019 1328 2053 1,
1344 2019 1374 2047 3.
1419 2017 1490 2052 Quo
1509 2027 1604 2047 sensu
1621 2018 1744 2047 dicatur
1765 2021 1891 2049 mutare

1128 2067 1304 2103 consilium,
1327 2069 1360 2096 et
1382 2067 1571 2105 poenitentia
1593 2068 1674 2097 duci.
1703 2068 1734 2098 ii.
1753 2069 1802 2104 13,
1816 2069 1845 2104 3,
1859 2069 1891 2099 4.

1131 2117 1266 2152 Quando
1281 2117 1404 2146 dicatur
1417 2117 1589 2156 improprie
1600 2127 1659 2148 nos
1669 2118 1791 2149 fauere.
1813 2118 1889 2149 ibid.

1128 2166 1253 2204 Populo
1276 2167 1398 2196 cladem
1421 2167 1565 2195 immittit
1588 2167 1628 2196 ob
1651 2168 1778 2206 Regum
1795 2169 1892 2201 facta.

1129 2216 1161 2245 ii.
1177 2218 1224 2253 21,
1242 2219 1288 2247 17.
1326 2216 1504 2255 Αὐτοφυής
1518 2226 1581 2255 quo
1592 2226 1696 2247 sensu.
1717 2218 1750 2248 ii.
1761 2220 1810 2255 20,
1819 2220 1848 2255 4,
1859 2221 1890 2250 2.

1129 2267 1266 2305 Propter
1281 2276 1314 2296 se
1329 2267 1434 2295 omnia
1446 2267 1558 2296 fecisse
1573 2276 1636 2305 quo
1650 2277 1743 2297 sensu
1758 2268 1891 2300 dicatur.

1130 2317 1206 2346 ibid.
1248 2318 1301 2346 An
1316 2326 1379 2346 non
1400 2317 1501 2355 possit
1521 2326 1628 2355 agere,
1650 2317 1710 2347 nisi
1727 2319 1768 2347 ob
1782 2318 1888 2350 finem.

1130 2368 1161 2396 ii.
1177 2369 1224 2404 20,
1238 2370 1266 2403 4,
1282 2369 1301 2396 2

1089 2418 1152 2448 Dei
1170 2417 1224 2455 jus
1246 2417 1279 2445 in
1301 2416 1457 2446 homines.
1487 2416 1531 2446 iii.
1547 2418 1574 2453 1,
1589 2418 1618 2454 4,
1633 2418 1662 2447 3.
1703 2418 1835 2449 Lenitas
1856 2420 1890 2450 in

1130 2476 1212 2495 novo
1228 2466 1358 2494 foedere.
1382 2466 1413 2494 ii.
1431 2467 1480 2499 20,
1497 2467 1547 2500 11,
1562 2468 1590 2495 1.
1626 2466 1739 2496 Honor
1751 2468 1807 2496 ubi
1820 2469 1890 2508 agi-

1130 2518 1192 2551 tur,
1208 2515 1292 2544 clare
1305 2514 1510 2552 loquendum.
1531 2514 1575 2543 iii.
1592 2516 1621 2550 1,
1632 2516 1679 2551 10,
1692 2517 1724 2546 3.
1756 2516 1890 2547 Factum

1130 2565 1212 2593 circa
1225 2564 1341 2592 liberos
1353 2564 1550 2601 peccantium
1567 2573 1622 2593 cur
1633 2564 1813 2594 hominibus
1827 2574 1891 2595 non

1129 2612 1328 2641 imitandum.
1350 2611 1382 2639 ii.
1397 2612 1445 2646 21,
1461 2612 1508 2647 14,
1522 2612 1550 2647 1,
1564 2613 1585 2640 3

1088 2662 1160 2691 Deo
1182 2660 1381 2689 mendacium
1404 2669 1468 2688 non
1491 2661 1651 2692 convenit.
1681 2660 1726 2692 iii.
1746 2662 1774 2698 1,
1795 2662 1846 2698 15,
1860 2664 1890 2694 1,

1129 2711 1234 2750 Magis
1261 2719 1356 2748 quam
1384 2710 1565 2738 hominibus
1592 2710 1803 2740 obediendum
1831 2722 1890 2752 ag-

1129 2761 1265 2788 noscunt
1278 2762 1310 2788 et
1325 2758 1514 2797 philosophi.
1534 2758 1556 2788 i.
1571 2760 1600 2795 4,
1616 2761 1644 2795 1,
1658 2760 1694 2795 33
1714 2759 1746 2789 ii.
1760 2760 1810 2797 26,
1825 2762 1855 2797 3,
1871 2763 1889 2792 1

1086 2809 1264 2839 Dictatoris
1293 2810 1436 2846 potestas
1456 2808 1626 2846 aliquando
1648 2818 1781 2841 summa.
1821 2811 1843 2840 i.
1859 2813 1890 2850 3,

1129 2860 1178 2894 11,
1199 2860 1215 2887 1

1090 2908 1194 2944 Diem,
1210 2907 1272 2945 (ad
1284 2907 1369 2944 eum)
1386 2908 1551 2945 exclusive,
1568 2917 1609 2937 an
1629 2908 1779 2939 inclusive
1793 2909 1887 2940 intel·

1128 2958 1300 2995 ligendum.
1320 2958 1351 2986 ii.
1367 2959 1415 2994 21,
1429 2960 1448 2988 4
