1971 3326
294 204 379 246 198
642 206 1118 243 TEMPERAMENTUM
1148 205 1300 242 CIRGA
1330 207 1421 243 -JUS
1580 205 1678 251 [Lm.
1696 207 1767 242 III.

583 323 716 359 Victor
736 325 817 358 erat
837 321 1017 368 quamvis,
1037 313 1190 366 baequus
1210 320 1249 354 in
1268 319 1377 355 hoste
1395 319 1481 355 fuit.

295 388 380 432 Sed
403 393 446 433 et
471 387 621 433 Ovidio
647 390 844 443 (ZVIetam.
871 401 961 428 vm.
990 387 1118 441 101):

813 467 932 512 Leges
954 465 1071 512 captis
1088 464 1314 511 justissimus
1335 467 1468 500 auctor

583 524 765 560 Hostibus
786 524 975 570 imposuit.

396 593 453 634 II.
520 591 697 642 Quando
730 595 868 633 autem
895 589 1012 647 justa
1041 588 1094 632 sit
1122 587 1356 632 interfectio
1381 587 1494 643 (inde
1524 585 1632 630 enim
1655 587 1774 631 nobis

295 658 570 715 incipiendum
601 659 680 712 est)
710 657 753 699 in
781 656 887 699 bello
917 656 1031 713 justo
1061 656 1284 698 secundum
1314 655 1518 712 justitiam
1554 654 1772 704 internam,
1824 665 1827 668 ⁴

296 725 461 782 quando
490 739 574 767 non
604 724 669 774 sit,
703 738 755 766 ex
787 722 836 765 iis
859 722 1035 780 intelligi
1059 727 1196 779 potest
1219 736 1313 778 quae
1337 721 1472 778 capite
1496 720 1629 778 primo
1652 720 1775 776 hujus

234 805 250 822 r
295 791 392 834 libri
415 791 533 834 nobis
557 791 761 847 explicata
783 794 891 832 sunt.
962 788 1144 831 Interfici
1169 788 1277 830 enim
1301 787 1479 844 aliquem
1499 786 1701 844 contingit
1722 801 1775 829 ex

75 868 90 885 ⁰
113 851 152 886 ⁴³¹-
297 858 522 916 proposito,
548 863 621 900 aut
645 857 751 900 citra
777 855 1047 913 propositum.
1117 856 1184 896 Ex
1216 855 1427 912 proposito
1453 854 1566 911 juste
1599 853 1775 896 interfici

297 939 418 967 nemo
441 930 591 981 potest,
621 923 700 966 nisi
732 928 805 965 aut
834 922 875 964 in
902 936 1065 978 poenam
1091 920 1259 978 justam,
1285 926 1358 963 aut
1388 926 1591 977 quatenus
1618 920 1775 976 absque

298 1006 346 1034 eo
371 991 498 1034 vitam
522 997 565 1033 et
588 1006 656 1033 res
687 994 850 1031 nostras
881 988 989 1030 tueri
1019 1002 1102 1030 non
1128 1001 1369 1043 possumus:
1401 999 1650 1042 quamquam
1672 985 1776 1028 illud

275 1057 431 1115 -ipsum
467 1058 518 1099 ob
559 1072 627 1100 res
662 1057 836 1098 caducas
876 1053 1084 1096 hominem
1120 1052 1320 1103 occidere,
1359 1052 1519 1094 etiamsi
1557 1066 1583 1094 a
1612 1051 1775 1108 justitia

298 1124 440 1167 stricte
464 1124 574 1166 dicta
598 1138 681 1164 non
704 1122 842 1170 abeat,
867 1135 892 1162 a
915 1119 1100 1162 caritatis
1123 1124 1262 1162 tamen
1285 1119 1379 1177 lege
1402 1118 1586 1161 discedit.
1643 1118 1776 1160 Poena

298 1205 398 1233 vero
417 1190 531 1247 justa
555 1195 601 1232 ut
625 1189 691 1239 sit,
716 1202 818 1244 opus
843 1192 906 1229 est
929 1192 977 1229 ut
999 1186 1088 1243 ipse
1110 1185 1181 1242 qui
1204 1184 1449 1228 interficitur
1473 1183 1706 1240 deliquerit,
1731 1189 1775 1226 et

298 1256 463 1313 quidem
502 1262 664 1300 tantum
697 1253 808 1311 quod
842 1253 954 1309 apud
987 1267 1152 1309 aequum
1178 1251 1360 1308 judicem
1395 1251 1538 1293 mortis
1577 1250 1774 1307 supplicio

297 1323 427 1380 possit
458 1322 683 1366 vindicari:
720 1334 803 1377 qua
837 1320 889 1362 de
923 1334 971 1361 re
1006 1334 1054 1361 eo
1089 1333 1197 1360 nunc
1228 1318 1363 1360 minus
1393 1318 1652 1366 disseremus,
1678 1316 1776 1372 quia

298 1389 492 1446 quicquid
516 1390 603 1447 ojus
627 1388 720 1431 sciri
752 1390 929 1444 oportet,
955 1385 1056 1428 satis
1086 1385 1336 1442 explicatum
1363 1384 1617 1427 arbitramur
1641 1382 1776 1440 capite

296 1456 349 1498 (le
372 1456 514 1513 poenis.

397 1524 479 1565 III.
539 1524 563 1564 1
616 1521 765 1577 Supra,
791 1534 882 1562 cum
904 1519 956 1562 de
981 1517 1230 1574 supplicibus
1256 1530 1477 1575 ageremus
1501 1517 1613 1571 (sunt
1635 1519 1775 1558 autem

296 1588 408 1631 ut'in
432 1603 546 1646 pace,
571 1588 630 1630 ita
652 1594 695 1630 et
718 1586 760 1628 in
784 1586 890 1629 bello
915 1585 1154 1641 supplices,)
1178 1583 1447 1626 discrevimus
1469 1579 1678 1643 ἀτύχημα
1703 1585 1774 1624 καὶ

297 1651 500 1709 α’δὶκημα,
536 1656 826 1711 infortunium
861 1661 900 1695 et
931 1652 1156 1707 injici-iani.
1229 1649 1435 1707 Gylippus
1471 1663 1519 1691 eo
1560 1663 1682 1704 quem
1717 1647 1775 1689 ibi

78 1725 148 1750 Βὶὒῑ-
160 1725 218 1750 ³1³1·
230 1725 269 1751 29·
297 1722 426 1765 citare
468 1721 666 1779 coepimus
712 1718 887 1761 Diodori
924 1717 1049 1761 Siculi
1095 1717 1184 1758 loco
1220 1716 1381 1772 quaerit,
1426 1721 1523 1758 utra
1557 1714 1600 1756 in
1646 1714 1774 1756 classe

296 1788 571 1831 Athenienses
606 1786 703 1844 poni
730 1786 923 1835 debeant,
954 1783 1303 1825 infortunatorum
1338 1796 1392 1824 an
1426 1781 1698 1838 injustorum:
1731 1784 1774 1821 et

296 1869 372 1910 pro
394 1853 658 1897 infortunatis
681 1852 894 1894 habendos
917 1855 1045 1907 negat
1063 1848 1133 1905 qui
1157 1848 1266 1890 ultro
1291 1848 1403 1890 nulla
1426 1846 1601 1889 lacessiti
1624 1845 1775 1902 injuria

299 1920 573 1977 Syracusanis
595 1918 748 1961 bellum
771 1917 1031 1960 intulissent:
1057 1914 1166 1957 unde
1189 1914 1316 1957 infert
1337 1928 1429 1956 cum
1453 1918 1599 1970 sponte
1621 1912 1774 1955 bellum

77 799 103 886 HN<

132 801 149 824 Σ*

159 799 194 854 es-

197 799 229 855 es·

223 805 238 854 ο,Ν

251 804 264 824 ἢ

358 2036 372 2058 ¹³
392 2037 520 2075 AEquus
534 2035 756 2074 z’nhostefiez't]
784 2034 1002 2064 Ovidiustris-
1068 2032 1170 2062 Addit
1185 2041 1279 2062 mox:
1310 2032 1346 2061 id
1366 2033 1447 2061 enim
1469 2032 1617 2071 <equitate
1642 2033 1774 2069 pensata

298 2087 378 2116 tium
394 2096 416 2115 1.
434 2086 537 2123 elegia
550 2087 568 2114 8
582 2085 680 2123 (vers,
692 2084 764 2122 35):
1067 2086 1222 2112 statuerat
1226 2083 1400 2120 placabilis
1410 2083 1588 2120 Imperator
1598 2084 1626 2110 et
1635 2082 1773 2111 clemens.

299 2136 347 2161 Est
357 2136 439 2161 ctiam
451 2136 477 2159 in
490 2134 591 2159 miseris
603 2135 694 2165 pietas,
708 2136 734 2158 ct
746 2134 771 2157 in
780 2133 855 2157 hoste
864 2133 1002 2163 probatur.
1071 2132 1272 2170 Thucydides
1295 2132 1375 2161 libro
1394 2141 1446 2161 111.
1470 2132 1551 2171 (cap.
1573 2131 1625 2167 39)
1647 2131 1680 2159 in
1703 2139 1774 2160 ora.

358 2188 371 2204 c
390 2182 570 2212 Necessitas
602 2184 718 2219 eyerat,
749 2190 810 2210 non
843 2179 1002 2218 voluntas]
1068 2182 1156 2211 tione
1173 2182 1322 2213 Cleonis:
1344 2183 1479 2212 οἵτινες
1497 2182 1561 2211 ὑπὸ
1581 2183 1649 2211 τῶν
1666 2180 1772 2210 πολε-

370 2349 421 2383 ΙΙ.
473 2347 587 2382 What
614 2347 747 2392 killing
771 2346 801 2381 is
820 2346 899 2392 just
916 2347 954 2380 in
979 2357 1064 2389 war,
1091 2346 1291 2392 according
1310 2349 1350 2381 to
1373 2344 1533 2380 internal
1549 2343 1696 2389 justice,
1717 2353 1772 2377 we

297 2417 384 2452 may
404 2416 466 2440 see
486 2405 584 2439 from
604 2404 702 2438 what
722 2404 789 2438 has
805 2403 902 2438 been
919 2404 1010 2439 said.
1072 2404 1105 2438 A
1126 2415 1213 2438 man
1233 2415 1318 2449 may
1338 2403 1385 2438 be
1405 2401 1520 2436 killed
1541 2401 1584 2435 of
1600 2410 1773 2446 purpose,

298 2474 341 2498 or
361 2466 428 2497 not
448 2461 492 2497 of
518 2472 692 2508 purpose.
752 2461 813 2495 No
844 2471 916 2495 one
948 2472 1016 2495 can
1036 2461 1084 2496 bo
1103 2461 1221 2507 justly
1241 2460 1357 2496 killed
1377 2459 1421 2494 of
1446 2469 1620 2505 purpose,
1641 2459 1773 2502 except

297 2520 419 2555 either
439 2530 478 2554 as
499 2531 521 2553 a
537 2521 615 2565 just
635 2518 888 2564 punishment,
909 2528 952 2552 or
972 2529 1011 2553 so
1033 2518 1091 2552 far
1110 2530 1150 2553 as
1178 2529 1232 2553 we
1253 2521 1391 2552 cannot
1411 2516 1606 2551 otherwise
1633 2513 1773 2549 defend

298 2588 367 2612 our
380 2577 444 2611 life
460 2577 534 2610 and
550 2581 740 2622 property.
793 2574 877 2609 And
898 2586 990 2610 even
1007 2575 1080 2610 this
1098 2580 1191 2621 step,
1209 2575 1253 2610 of
1268 2575 1399 2620 killing
1415 2585 1437 2608 a
1454 2584 1541 2607 man
1556 2572 1617 2607 for
1631 2571 1774 2618 perish-

297 2634 381 2669 able
401 2634 542 2668 human
562 2638 752 2679 property,
773 2632 803 2667 is
824 2636 864 2667 at
883 2633 1053 2667 variance
1070 2633 1160 2667 with
1176 2632 1241 2667 the
1261 2633 1330 2667 law
1347 2632 1390 2666 of
1406 2631 1562 2676 charity.
1601 2630 1646 2663 In
1664 2628 1775 2662 order

297 2691 380 2726 that
404 2691 646 2737 punishment
670 2701 756 2736 may
779 2690 827 2724 be
854 2690 942 2735 just,
972 2690 1002 2724 it
1033 2690 1063 2725 is
1093 2700 1289 2736 necessary
1318 2688 1402 2724 that
1423 2688 1471 2723 he
1495 2687 1578 2722 who
1603 2687 1633 2721 is
1657 2684 1774 2719 killed

297 2747 431 2782 should
450 2748 545 2783 have
564 2747 719 2782 himself
735 2747 918 2789 offended,
935 2747 1009 2781 and
1029 2758 1069 2782 so
1091 2747 1276 2788 offended,
1296 2746 1379 2781 that
1395 2757 1417 2780 a
1424 2746 1503 2790 just
1517 2744 1634 2790 judge
1650 2740 1773 2777 would

296 2804 405 2838 think
426 2805 540 2840 death
560 2816 582 2839 a
601 2805 645 2839 fit
664 2804 916 2851 punishment.
979 2803 1032 2840 Of
1052 2804 1126 2839 this
1148 2815 1201 2839 we
1221 2803 1316 2839 have
1340 2803 1468 2849 spoke‚
1492 2802 1532 2836 in
1552 2799 1713 2843 treating
1734 2796 1778 2832 of

297 2861 549 2906 punishment.

371 2917 439 2951 III.
489 2922 507 2952 1
544 2918 683 2961 Above,
711 2919 751 2952 in
778 2918 958 2965 speaking
985 2918 1028 2953 of
1051 2918 1259 2965 suppliants
1291 2915 1368 2960 (for
1393 2916 1500 2951 there
1526 2923 1591 2949 arc
1617 2910 1708 2947 such
1732 2911 1772 2945 in

297 2984 373 3007 war
392 2984 431 3008 as
451 2973 490 3007 in
510 2984 636 3020 peace,
663 2976 824 3022 namely,
843 2975 951 3011 those
975 2975 1056 3010 who
1077 2976 1143 3011 ask
1170 2975 1231 3010 for
1250 2971 1404 3020 mercy,)
1425 2983 1480 3008 we
1500 2967 1770 3015 distinguished
