1971 3326
155 198 245 235 CM».
267 195 315 240 1.]
375 195 601 230 REGULAE
636 190 941 228 GENERALES
972 189 1045 225 EX
1074 189 1205 225 JURE
1237 187 1478 223 NATURAE.
1607 180 1631 219 9

154 306 364 351 tenebitur
389 305 441 347 de
465 304 628 353 damno,
653 301 727 344 sed
751 307 793 343 et
817 299 1098 347 criminaliter,
1131 303 1178 340 ut
1201 296 1236 339 is
1260 296 1329 353 qui
1348 295 1477 352 judici
1501 294 1633 337 immi-

156 373 270 416 nenti
291 387 407 415 reum
432 370 694 413 manifestum
710 367 880 410 eximit:
905 372 1030 422 atque
1053 380 1101 407 eo
1126 364 1290 405 nomine
1314 362 1449 404 licebit
1475 362 1516 403 in
1541 376 1636 403 eum

158 446 343 482 statuere
379 437 490 494 quod
524 436 673 478 delicto
710 434 914 482 convenit,
950 431 1175 475 secundum
1208 445 1257 472 ea
1292 445 1385 486 quae
1422 429 1474 470 de
1506 427 1637 484 poenis

159 506 363 555 diximus3
390 519 519 561 quare
544 503 655 545 intra
679 516 772 543 eum
797 501 964 542 modum
987 499 1111 541 etiam
1135 496 1304 555 spoliari
1329 494 1494 552 poterit.

261 575 288 614 4
337 572 396 614 Et
419 572 494 612 has
523 570 575 612 ob
600 583 743 611 causas
767 566 901 609 solent
929 580 956 608 a
985 565 1139 607 bellum
1170 564 1411 622 gerentibus
1440 560 1640 618 epublicae

161 695 229 722 tum
242 692 315 721 inde
325 691 393 730 jam
404 690 479 719 olim
491 688 611 718 bellum
626 687 711 716 inter
723 695 775 715 eas
787 694 867 723 gen-

162 746 211 772 tes
233 752 270 772 eo
295 741 383 771 exitu
404 743 440 769 ut
462 738 548 768 Dani
570 737 688 775 Anglis
710 736 868 765 tributum

161 792 371 831 imponerent,
387 789 448 826 cui,
460 788 583 817 Danieo
599 785 728 815 denario
743 793 869 821 nomen,

164 843 224 878 cui,
239 843 364 870 mutata
373 838 516 878 quamvis
532 845 636 872 causa,
647 844 763 864 nomen
778 843 870 862 man-

164 893 206 921 sit
222 891 363 928 adusque
381 891 528 926 tempora
546 884 711 916 Guilielmi
728 884 795 923 ejus
815 883 871 922 qui

165 943 297 981 stirpem
313 950 396 970 nunc
410 942 600 979 regnantem
615 937 647 965 in
664 935 784 974 Anglia
797 935 871 963 fun-

166 993 262 1029 davit,
283 995 320 1021 ut
335 990 457 1020 notavit
479 989 527 1018 vir
549 997 675 1026 magnae
695 986 767 1015 fidei
785 986 873 1014 Thu-

166 1053 246 1074 anus
274 1042 306 1071 in
331 1040 464 1070 historia
491 1039 566 1068 anni
595 1039 655 1068 clo
668 1038 706 1066 Io
718 1044 872 1066 Lxxmx.

166 1095 309 1124 Rursum
341 1093 381 1121 ab
410 1090 605 1126 Elizabetha,
641 1087 874 1126 sapientissima

168 1144 297 1183 Angliae
307 1142 429 1181 regina,
445 1140 532 1169 missi
546 1149 630 1169 anno
646 1139 705 1169 clo
716 1138 753 1167 Io
763 1145 872 1166 Lxxv.

168 1195 209 1225 ad
223 1195 362 1223 Batavos
376 1190 568 1220 Wilhelmus
583 1189 749 1218 Winterus
770 1196 808 1216 ex
823 1195 874 1215 or-

170 1245 243 1274 dine
259 1243 398 1282 equestri
419 1245 450 1271 et
469 1241 633 1270 Robertus
648 1239 766 1268 Bealus
784 1237 875 1275 regio

170 1294 302 1325 consilio
331 1294 371 1322 ab
400 1291 555 1330 epistolis,
585 1290 640 1328 qui
672 1288 878 1318 ostenderent

170 1346 255 1375 ferre
266 1343 392 1382 Anglos
409 1351 472 1371 non
489 1350 592 1379 posse,
608 1340 693 1378 quod
708 1338 831 1374 Batavi,
845 1337 877 1366 in

171 1395 242 1434 ipso
262 1397 343 1423 aestu
358 1392 434 1422 belli
448 1392 480 1420 in
499 1390 669 1429 Hispanos,
693 1398 788 1418 naves
808 1388 878 1417 An-

172 1445 300 1485 glorum
315 1444 355 1473 ad
370 1442 560 1480 Hispanicos
575 1443 688 1479 portus
702 1442 808 1469 vectas
823 1439 879 1468 de-

173 1498 364 1526 tentassent.
406 1493 525 1523 Narrat
539 1492 704 1521 Reidanus
718 1491 751 1519 in
767 1490 880 1519 Histo-

173 1546 228 1577 ria
241 1545 403 1576 Batavica
423 1544 513 1583 (pag.
530 1544 576 1573 17.
610 1542 693 1572 Vers.
710 1541 820 1571 Latin.
836 1540 880 1569 D.

180 1595 286 1634 VOSS.)
307 1604 391 1624 anno
408 1595 468 1624 cIo
480 1594 518 1623 Io
529 1601 636 1622 Lxxv.
659 1595 692 1622 et
707 1592 882 1621 Britannus

178 1648 361 1678 Camdenus
389 1655 474 1676 anno
500 1647 656 1683 sequente
670 1654 678 1673 ι
709 1643 802 1682 (pag.
826 1644 884 1672 273

176 1699 243 1730 Ed.
258 1696 418 1736 Elzevir.)
462 1697 543 1726 Cum
558 1704 634 1725 vero
650 1695 761 1733 Angli,
776 1697 809 1723 et
823 1693 884 1731 ipsi

178 1749 330 1788 Hispanis
344 1748 452 1777 hostes
470 1747 558 1783 facti,
578 1745 758 1775 Germaniae
775 1744 885 1773 civita-

179 1801 263 1830 tibus
273 1800 327 1838 jus
341 1799 373 1827 in
387 1797 574 1836 Hispaniam
590 1795 759 1834 navigandi
774 1795 886 1823 turba-

178 1853 262 1886 rent,
284 1858 379 1888 quam
402 1848 434 1877 id
455 1856 519 1876 non
542 1849 630 1876 certo
646 1846 720 1884 jure
741 1844 886 1880 fecerint,

179 1904 315 1940 apparet
343 1909 381 1929 ex
409 1898 534 1936 scriptis
562 1895 748 1925 adversariis
780 1893 887 1933 gentis

180 1952 359 1989 utriusque,
389 1948 494 1987 dignis
516 1948 603 1976 lectu
626 1946 667 1975 ad
695 1945 887 1974 noscendam

181 2002 263 2030 hanc
277 1998 536 2029 controversiam.
565 1997 609 2026 Et
620 1995 807 2031 notandum,
818 1994 888 2023 An-

182 2052 254 2091 glos
275 2051 307 2079 in
323 2049 387 2078 suis
403 2047 529 2086 scriptis
548 2047 636 2085 ipsos
659 2045 690 2074 id
705 2053 888 2083 agnoscere,

184 2112 255 2132 cum
267 2102 330 2130 duo
342 2100 480 2129 maxime
495 2107 553 2137 pro
565 2107 623 2126 sua
633 2097 772 2126 afferunt
783 2104 889 2132 eausa,

185 2157 218 2184 et
232 2153 307 2182 belli
327 2152 542 2180 instrumenta
559 2148 657 2177 fuisse
677 2156 748 2185 quae
771 2156 790 2175 a
806 2146 888 2176 Ger-

184 2203 286 2233 manis
312 2202 345 2230 in
377 2200 566 2239 Hispaniam
594 2197 830 2232 deferebantur,
858 2198 891 2224 et

185 2253 348 2293 pactiones
360 2254 481 2280 veteres
497 2248 693 2278 intercedere
709 2256 772 2285 quo
787 2245 891 2274 minus

186 2305 219 2334 id
233 2304 301 2334 fieri
315 2303 442 2333 liceret:
465 2300 575 2340 quales
594 2301 708 2339 postea
727 2296 892 2336 pactiones

937 687 970 713 et
989 683 1142 713 Hollandi
1164 682 1303 721 sociique
1320 691 1429 711 eorum
1449 690 1520 710 cum
1537 680 1644 709 Lube-

938 735 1084 764 censibus
1107 734 1263 771 sociisque
1289 742 1398 762 eorum
1426 733 1530 761 fecere
1559 740 1644 760 anno

939 784 999 814 clo
1011 784 1070 813 loc
1081 792 1160 811 xn1.
1185 792 1225 811 ne
1244 785 1300 811 aut
1314 783 1346 810 hi
1362 785 1418 811 aut
1438 782 1485 810 illi
1504 782 1645 810 hostium

939 834 1083 864 subditos
1106 833 1192 862 intra
1213 842 1286 861 suos
1311 832 1390 860 fines
1414 832 1547 860 mercari
1572 841 1647 869 per-

939 884 1115 920 mitterent,
1145 886 1201 912 aut
1229 883 1336 911 hostes
1363 881 1509 920 pecunia,
1536 882 1648 917 milite,

940 934 1083 970 navibus,
1105 933 1190 962 victu
1212 933 1383 972 juvarent:
1419 935 1452 961 et
1478 931 1649 970 posterius,

941 993 1025 1013 anno
1035 983 1155 1013 scilicet
1166 983 1226 1012 clo
1236 983 1293 1012 Ioc
1303 991 1418 1011 xxvn.
1429 981 1513 1010 inter
1524 981 1649 1010 Suediae

941 1034 1119 1071 Daniaeque
1133 1042 1226 1072 reges
1246 1032 1394 1061 convenit
1409 1035 1445 1061 ut
1461 1031 1571 1060 Danus
1589 1032 1650 1059 im-

942 1085 1067 1124 pediret
1083 1093 1209 1113 omnem
1230 1086 1404 1112 mercatum
1429 1092 1500 1111 cum
1516 1081 1650 1111 Dantis-

943 1135 1029 1164 canis
1054 1135 1151 1164 Suedi
1172 1135 1327 1171 hostibus,
1353 1134 1408 1163 sed
1431 1143 1489 1163 nec
1511 1133 1550 1162 ad
1572 1133 1652 1161 alios

945 1185 1043 1215 Suedi
1068 1186 1176 1213 hostes
1198 1193 1319 1214 merces
1344 1183 1425 1212 ullas
1451 1192 1509 1222 per
1531 1183 1653 1211 fretum

947 1235 1141 1265 Cimbricum
1157 1235 1202 1264 ire
1218 1235 1345 1270 sineret,
1360 1243 1418 1272 pro
1435 1243 1497 1271 quo
1512 1243 1568 1262 rex
1583 1233 1651 1261 Da-

946 1286 1006 1315 niae
1025 1285 1087 1314 alia
1106 1285 1164 1313 sibi
1179 1284 1313 1314 vicissim
1330 1283 1497 1313 commoda
1516 1283 1651 1321 stipula-

947 1339 998 1365 tus
1013 1339 1079 1365 est:
1101 1336 1155 1364 sed
1170 1335 1237 1364 haec
1252 1337 1327 1364 sunt
1343 1336 1437 1373 pacta
1451 1334 1600 1372 specialia
1615 1343 1654 1362 ex

948 1386 1063 1424 quibus
1087 1386 1165 1414 nihil
1185 1385 1295 1414 inferri
1311 1387 1419 1423 potest
1437 1384 1523 1422 quod
1545 1393 1655 1412 omnes

949 1437 1081 1475 obliget.
1124 1436 1206 1465 Nam
1230 1438 1262 1464 et
1284 1435 1364 1464 illud
1388 1435 1419 1463 in
1443 1434 1568 1472 scriptis
1591 1434 1655 1462 suis

949 1488 1057 1517 dixere
1074 1487 1236 1522 Germani,
1251 1496 1314 1515 non
1331 1495 1440 1514 omnes
1455 1485 1556 1523 pactis
1571 1494 1655 1513 mer-

950 1548 1002 1568 ces
1024 1537 1195 1576 prohiberi,
1217 1536 1272 1566 sed
1292 1546 1345 1566 eas
1361 1545 1431 1574 quae
1448 1536 1481 1564 in
1502 1535 1656 1573 Angliam

951 1590 1049 1619 semel
1064 1589 1245 1627 importatae
1265 1591 1321 1617 aut
1335 1587 1367 1616 in
1383 1587 1512 1626 Angliae
1528 1596 1657 1624 compa-

951 1644 1029 1669 ratae
1052 1642 1167 1668 essent.
1210 1638 1323 1676 Neque
1338 1646 1412 1667 vero
1431 1636 1490 1666 soli
1506 1635 1658 1666 Germani

953 1690 1070 1728 Anglis
1085 1699 1156 1718 cum
1172 1689 1263 1717 hoste
1278 1697 1335 1717 suo
1350 1687 1538 1716 commercia
1547 1688 1659 1715 vetan-

953 1741 1038 1770 tibus
1048 1739 1279 1770 contradixere.
1303 1738 1409 1767 Etiam
1420 1736 1554 1766 Polonia
1563 1735 1660 1764 misso

952 1791 1062 1829 legato
1078 1791 1253 1827 conquesta
1267 1790 1315 1817 est
1327 1787 1381 1826 jus
1396 1786 1541 1825 gentium
1557 1785 1660 1814 immi-

954 1841 1018 1876 nui,
1034 1840 1161 1879 quando
1177 1839 1217 1867 ob
1229 1838 1402 1876 Anglicum
1418 1846 1489 1865 cum
1509 1835 1662 1873 Hispania

954 1892 1075 1921 bellum
1097 1890 1174 1928 ipsis
1197 1898 1268 1918 eum
1293 1887 1446 1925 Hispanis
1472 1887 1662 1915 commercia

956 1941 1099 1980 agitandi
1113 1940 1244 1968 libertas
1259 1938 1464 1973 adimeretur,
1478 1939 1515 1966 ut
1529 1937 1561 1965 in
1579 1945 1663 1965 anno

957 1992 1017 2022 clo
1029 1992 1066 2020 Io
1077 1999 1187 2019 XCVII.
1203 1991 1335 2017 narrant
1349 1987 1592 2025 memoratijam
1605 1996 1663 2015 no-

957 2042 1006 2071 bis
1023 2041 1205 2071 Camdenus
1220 2042 1252 2069 et
1266 2038 1441 2068 Reidanus.
1473 2037 1662 2075 (Cambden.

958 2100 1032 2129 pag.
1043 2090 1110 2126 692,
1120 2092 1148 2118 et
1158 2098 1241 2127 seqq.
1255 2087 1347 2116 Reid.
1361 2096 1434 2125 pag.
1443 2087 1511 2122 372,
1525 2089 1553 2114 et
1564 2085 1662 2124 seqq.)

961 2141 1047 2171 Galli
1058 2149 1132 2169 vero
1147 2142 1220 2177 post
1231 2147 1341 2177 pacem
1352 2137 1577 2167 Verbinianam
1593 2145 1664 2165 cum

960 2191 1104 2229 Hispano
1119 2190 1249 2224 factam,
1270 2187 1457 2217 Elizabetha
1470 2186 1598 2225 Angliae
1614 2195 1664 2215 re-

960 2242 1036 2280 gina
1059 2240 1090 2268 in
1112 2239 1196 2268 bello
1211 2241 1385 2277 perstante,
1406 2237 1510 2276 rogati
1532 2237 1572 2265 ab
1594 2236 1664 2265 An-

960 2292 1023 2331 glis
1053 2293 1090 2320 ut
1121 2298 1216 2319 naves
1245 2288 1386 2318 Gallicas
1418 2288 1450 2316 in
1479 2287 1665 2325 Hispaniam

188 2467 273 2501 firm
291 2465 368 2500 him
386 2465 425 2498 in
445 2475 467 2498 a
486 2465 584 2498 most
605 2463 733 2508 unjust
757 2471 843 2501 war,
863 2458 912 2494 he
929 2457 1004 2492 will
1021 2456 1113 2491 then
1129 2454 1178 2490 be
1198 2452 1327 2489 bound
1352 2456 1391 2487 to
1410 2462 1470 2486 me
1490 2453 1557 2485 not
1579 2449 1668 2494 only

191 2524 326 2569 civilly,
343 2522 403 2557 for
423 2521 488 2556 the
509 2521 677 2565 damage,
697 2519 765 2553 but
783 2518 860 2552 also
879 2514 1098 2560 criminally‚
1121 2524 1160 2547 as
1181 2512 1294 2556 being
1312 2521 1382 2544 one
1400 2509 1482 2543 who
1504 2510 1668 2553 protects

191 2593 214 2616 a
231 2580 406 2615 manifest
424 2577 593 2612 criminal
610 2577 708 2611 from
725 2575 790 2610 the
802 2574 918 2620 judge
936 2572 1017 2607 who
1035 2572 1064 2606 is
1083 2571 1198 2605 about
1215 2573 1254 2603 to
1272 2568 1390 2601 inflict
1407 2565 1666 2612 punishment:

193 2638 266 2673 and
285 2649 334 2672 on
350 2636 433 2671 that
449 2634 595 2680 ground
612 2634 641 2668 it
658 2633 732 2667 will
748 2633 795 2667 be
812 2631 938 2667 lawful
956 2635 995 2664 to
1013 2629 1100 2663 take
1118 2627 1208 2662 such
1227 2635 1413 2660 measures
1430 2622 1574 2667 against
1591 2620 1670 2654 him

194 2707 234 2731 as
255 2706 319 2730 are
349 2692 509 2729 suitable
534 2696 573 2726 to
605 2690 669 2725 the
691 2691 843 2730 offense,
874 2687 1074 2731 according
1095 2690 1133 2720 to
1156 2684 1219 2718 the
1241 2681 1440 2728 principles
1466 2679 1542 2713 laid
1562 2678 1671 2712 down

194 2754 233 2788 in
253 2751 434 2799 speaking
461 2749 503 2784 of
523 2747 785 2795 punishment3
815 2746 891 2781 and
911 2743 1099 2780 therefore
1120 2746 1159 2776 to
1180 2740 1262 2775 that
1283 2741 1410 2773 extent
1436 2736 1484 2771 he
1511 2747 1596 2782 may
1622 2735 1670 2769 be

195 2809 385 2855 subjected
403 2812 442 2843 to
463 2806 674 2853 spoliation.

266 2871 288 2901 4
311 2867 370 2901 On
386 2865 459 2900 this
474 2868 642 2904 account,
658 2858 916 2907 belligerentse
933 2856 1144 2902 commonly
1161 2856 1256 2889 issue
1275 2852 1489 2887 manifestos
1508 2854 1546 2886 to
1565 2849 1673 2885 other

257 2945 270 2961 e
292 2939 397 2968 There
411 2947 465 2967 are
481 2936 641 2975 examples
663 2935 697 2964 of
714 2934 801 2963 rules
823 2943 863 2962 on
886 2932 948 2962 this
967 2930 1089 2969 subject
1109 2928 1141 2957 in
1164 2928 1218 2957 the
1239 2927 1364 2956 Roman
1390 2925 1478 2954 Law.
1521 2923 1597 2963 [See
1619 2922 1674 2951 the

199 2988 408 3029 quotations.]
452 2988 491 3017 In
514 2987 645 3016 modern
670 2985 773 3021 times,
801 2983 854 3013 the
880 2982 964 3012 book
986 2979 1154 3011 Consolato
1179 2977 1230 3007 del
1244 2977 1341 3006 Mare
1364 2985 1428 3005 was
1450 2972 1618 3014 published
1641 2971 1673 2999 in
