1971 3326
117 159 208 195 CAP.
227 156 337 202 ΧΠ]
695 158 759 193 ΕΤ
791 156 996 193 SIMILIA.
1508 153 1586 191 241

348 273 447 308 Ecce
468 284 601 319 repens
624 273 737 307 tacito
759 273 942 319 percurrit
963 274 1117 318 pectora
1137 282 1247 306 sensu

347 331 507 376 Rolligio
529 335 566 365 et
587 342 699 365 saevas
721 331 911 376 componit
931 330 1084 364 numine
1105 333 1260 369 mentes,

348 388 387 422 Ν
389 399 409 422 e
426 388 614 422 flammam
632 388 819 433 taedasque
838 388 962 429 velint,
980 398 1027 422 ne
1045 386 1184 432 templa
1201 386 1269 422 sub
1288 396 1363 421 uno

349 445 393 479 In
412 446 575 480 cinerem
598 445 757 481 lscdissc
778 456 880 491 rogo.

117 508 330 551 Adversus
368 509 416 559 Q.
450 508 639 550 Fulvium
683 509 904 550 Censorem
944 507 1097 550 dictum
1130 512 1276 549 narrat
1312 506 1477 549 Livius:
1519 507 1590 548 ob-

116 577 325 630 strinqerc
350 590 443 617 eam
461 576 665 630 religione
682 575 890 630 populum
911 576 1155 616 Romanum
1173 575 1315 616 ruinis
1339 575 1590 629 templorum

118 643 278 697 templa
304 643 599 695 ccdificantem,
627 649 837 696 tanquam
860 655 944 682 non
968 642 1096 682 iidem
1123 641 1281 695 ubique
1305 642 1390 681 Dii
1418 642 1590 682 immor-

119 709 227 750 tales
249 709 349 755 Sint,
374 709 448 749 sed
464 708 618 760 spoliis
642 708 830 748 aliorum
855 707 940 747 alii
963 707 1130 747 colendi
1153 708 1485 761 exornandique.
1527 706 1590 748 At

116 772 298 815 Marcius
339 772 563 827 Philippus,
602 772 656 813 ad
687 771 813 812 Dium
854 786 946 812 cum
978 771 1168 820 venisset,
1203 771 1351 813 metari
1389 773 1464 813 sub
1500 771 1587 827 ipso

116 839 282 894 templo,
308 852 360 880 ne
383 838 483 893 quid
506 837 549 879 in
570 837 657 880 loco
679 852 795 879 sacro
814 836 1051 886 violaretur,
1072 837 1206 892 jussit.
1252 838 1410 879 Narrat
1437 838 1588 879 Strabo

116 905 375 961 Tectosages,
412 903 596 959 quicum
630 903 720 945 aliis
744 902 936 959 pecunias
962 903 1188 958 Delphicas
1222 909 1462 959 rapuerant,
1499 904 1589 960 pla-

115 969 234 1012 candi
250 970 426 1012 numinis
442 985 565 1012 causa
583 969 692 1012 domi
710 969 874 1011 easdem
893 984 983 1011 cum
1002 969 1283 1012 additamento
1300 984 1571 1012 consecrasse.

211 1038 239 1077 3
284 1037 352 1078 Ad
392 1036 647 1078 Christianos
688 1042 735 1078 ut
776 1035 1000 1085 veniamus,
1048 1041 1341 1078 commemorat
1384 1036 1589 1093 Agathias

113 1102 299 1145 Francos
322 1102 486 1158 templis
509 1102 753 1159 pepercisse,
779 1106 826 1144 ut
849 1101 920 1158 qui
941 1116 1032 1144 cum
1067 1102 1223 1144 Graecis
1246 1108 1381 1144 essent
1405 1102 1588 1159 ejusdem

886 1224 1024 1253 ecclesiae
1042 1223 1317 1253 Antiochiensium
1335 1223 1588 1252 Christianorum

882 1275 927 1303 ait
949 1275 1138 1313 pepercisse.
1190 1273 1390 1303 Justinianus
1414 1273 1519 1310 etiam,
1552 1277 1589 1303 ut

111 1226 211 1264 τιμήν
244 1227 357 1256 αὐτοῖς
379 1227 433 1255 καὶ
457 1225 649 1264 σεμνότητα
682 1225 817 1258 πολλήν

111 1275 330 1314 ’προσέθεσαν-
359 1277 392 1305 in
419 1276 598 1305 memoriam
628 1274 815 1304 revocabant

112 1324 173 1352 aliz·
186 1323 389 1360 Flaminium,
412 1323 473 1352 alii
490 1323 638 1351 Manium
652 1322 815 1360 Aquilium

111 1378 140 1403 et
154 1374 321 1404 AEmilz‘um
336 1374 484 1410 Paulum,
507 1383 638 1412 qaorum
659 1374 723 1408 ille,
748 1373 814 1402 An-

111 1425 213 1454 tiocho
229 1424 321 1462 ejecto
337 1434 352 1453 e
366 1424 501 1460 Gracia,
515 1425 548 1452 1ιί
561 1433 643 1459 vero,
654 1423 815 1453 debellatis

110 1474 319 1504 Macedonum
335 1474 468 1513 reyibas,
484 1483 544 1502 non
558 1474 647 1502 modo
666 1473 815 1503 Graecan-

110 1526 169 1556 icis
184 1526 304 1563 templis
320 1527 538 1563 pepercerant,
554 1523 645 1553 sedet
674 1524 765 1553 donis
779 1533 816 1553 ea

110 1575 265 1613 multoque
289 1575 404 1603 honore
427 1583 466 1603 ac
488 1574 694 1602 sanctimonia
716 1583 813 1602 auxe-

109 1628 192 1655 rant.
234 1624 298 1654 Adi
320 1627 352 1653 et
369 1624 551 1654 Vitruvium
577 1623 647 1653 Lib.
665 1632 702 1654 1¹.
726 1624 814 1662 (cap.

109 1674 157 1713 8.)
192 1675 329 1704 Dionem
346 1683 432 1703 Χῖαι.
456 1675 554 1712 (pag.
567 1675 625 1703 234
639 1682 670 1703 A.
694 1673 756 1704 Ed.
768 1673 815 1704 H.

112 1725 238 1763 Steph.)
279 1725 487 1754 Plutarchum
506 1723 631 1753 Coesare
652 1723 742 1761 (pag.
757 1724 815 1753 720

112 1773 160 1812 Ε.)
203 1774 372 1803 Brodaeum
388 1782 420 1803 v.
436 1773 708 1802 miscellaneorum
724 1782 752 1802 c.
764 1773 813 1803 29.

113 1825 223 1854 Gabao
249 1825 380 1853 Maurus
403 1824 482 1861 ipse,
512 1831 575 1850 non
606 1822 813 1859 Christianus,

110 1875 264 1904 honorem
287 1874 413 1903 volebat
434 1872 541 1901 haberi
561 1871 814 1901 Christianorum

111 1925 259 1961 ecclesiis,
275 1927 386 1953 contra
401 1932 494 1961 quam
509 1922 650 1951 facerent
666 1921 812 1957 Vandali,

111 1975 226 2013 quibus
253 1975 401 2012 sperabat
426 1973 542 2001 iratum
567 1971 644 2008 fore,
670 1971 813 2009 quisquis

109 2026 163 2055 ille
180 2028 271 2060 esset,
294 2023 545 2052 Christianorum
569 2021 683 2052 Deum.
729 2020 807 2051 Tes-

109 2078 198 2104 tatur
221 2074 280 2102 hoc
313 2073 486 2110 Procopius
520 2071 761 2101 Vandalicorum
786 2082 808 2102 1.

111 2127 200 2164 (cap.
213 2125 247 2163 8)
268 2125 321 2163 qui
343 2127 375 2153 et
390 2124 590 2152 Persicorum
606 2131 643 2152 11.
668 2124 756 2161 (cap.
773 2123 810 2160 9)

111 2176 284 2212 Chosroen,
319 2175 447 2204 Persam
482 2182 545 2202 non
585 2172 810 2209 Christianum,

882 1325 965 1353 idem
987 1325 1086 1354 refert
1112 1324 1357 1353 Vamlalicorum
1377 1332 1414 1352 11.
1438 1332 1528 1362 (cap.
1548 1324 1588 1361 9)

882 1376 1019 1404 retinere
1035 1375 1119 1413 apud
1135 1384 1167 1403 se
1188 1384 1250 1403 non
1266 1384 1360 1403 ausus
1376 1378 1424 1403 est
1442 1384 1493 1403 res
1508 1375 1588 1411 illas,

883 1435 961 1464 quas
983 1426 1274 1464 Hierosolymorum
1294 1426 1414 1463 templo
1437 1425 1588 1464 Vespasi-

882 1485 961 1504 anus
985 1476 1159 1505 abstulerat
1180 1476 1326 1511 Romam,
1346 1475 1458 1504 Romae
1480 1479 1588 1504 autem

881 1528 1024 1563 repertas
1038 1526 1070 1554 in
1086 1526 1227 1554 Africam
1243 1528 1460 1563 asportaverat
1477 1525 1588 1554 Gizer-

882 1576 982 1605 ichus.
1025 1577 1075 1606 De
1091 1576 1298 1605 sanctimonia
1317 1585 1336 1604 a
1351 1576 1587 1605 Mahumetistis

883 1629 1007 1655 servata
1022 1627 1102 1662 loco,
1122 1626 1154 1654 in
1170 1635 1233 1664 quo
1249 1626 1423 1654 Ezechielis
1443 1629 1475 1654 et
1489 1626 1586 1654 trium

882 1675 1025 1704 Danielis
1049 1676 1205 1704 sociorum
1235 1685 1305 1704 ossa
1329 1678 1419 1704 erant
1447 1676 1586 1712 condita,

882 1725 973 1753 testis
998 1728 1046 1754 est
1067 1725 1099 1753 in
1123 1725 1285 1754 itinerario
1310 1724 1445 1753 Judaeus
1466 1725 1585 1763 Benja-

882 1774 957 1804 min.

944 1824 952 1841 ¹
982 1825 1132 1854 Tam-isse
1152 1825 1273 1854 habent
1294 1825 1388 1854 MSS.
1410 1826 1443 1853 et
1463 1834 1502 1853 ex
1523 1824 1585 1853 illis

881 1883 1002 1912 nupera
1015 1878 1112 1912 atque
1127 1875 1278 1903 adcurata
1292 1874 1417 1902 Editio:
1439 1874 1522 1902 unde
1538 1874 1585 1902 fe-

881 1927 990 1953 cerant
1019 1924 1178 1953 transisse.
1228 1924 1343 1953 Nescio
1377 1924 1462 1952 unde
1496 1933 1583 1952 suam

879 1973 1047 2003 lectionem
1063 1974 1178 2003 sedisse
1191 1975 1307 2003 habeat
1321 1977 1430 2003 noster
1442 1984 1449 2003 ε
1472 1983 1584 2012 quam-

880 2033 986 2061 quam,
1017 2027 1090 2062 post
1122 2025 1223 2061 illum,
1251 2025 1296 2053 ita
1323 2033 1450 2062 quoque
1477 2025 1583 2052 locum

879 2074 988 2103 laudat
1016 2074 1051 2104 J.
1070 2075 1112 2105 G.
1131 2075 1289 2109 Graevius»,
1315 2075 1374 2104 Vir
1399 2074 1584 2103 Eruditissi-

879 2133 958 2160 mus,
973 2124 1004 2152 in
1022 2124 1095 2154 Cic.
1112 2124 1204 2155 Verr.
1222 2134 1267 2154 1v.
1283 2125 1332 2154 55.
1375 2124 1410 2154 J.
1427 2124 1469 2154 B.

111 2340 239 2386 Capua
259 2352 331 2375 was
348 2340 473 2381 taken,
492 2340 602 2374 Silius
620 2340 751 2385 speaks
778 2339 820 2374 of
841 2340 905 2375 the
928 2341 1103 2387 religious
1126 2341 1267 2386 feeling
1286 2339 1406 2375 which
1432 2339 1493 2375 led
1517 2340 1582 2375 the

108 2397 274 2432 Romans
292 2401 330 2432 to
348 2408 520 2442 preserve
537 2397 601 2431 the
623 2397 791 2442 temples.
853 2397 947 2444 Livy
972 2410 1054 2445 says
1081 2398 1163 2432 that
1190 2398 1219 2432 it
1248 2408 1321 2431 was
1348 2397 1517 2442 objected
1541 2400 1580 2431 to

111 2454 156 2494 Q.
176 2454 327 2488 Fulvius
345 2454 409 2488 the
428 2454 577 2495 Censor,
595 2454 677 2488 that
694 2453 741 2487 he
757 2453 854 2488 built
870 2455 1028 2501 temples
1049 2455 1138 2490 with
1156 2455 1220 2489 the
1236 2454 1338 2488 ruins
1356 2454 1398 2488 of
1411 2454 1582 2499 temples,

109 2521 148 2544 as
174 2510 208 2543 if
229 2510 294 2544 the
318 2511 409 2555 gods
433 2521 530 2544 were
550 2515 617 2544 not
635 2510 872 2555 everywhere
894 2512 958 2546 the
982 2523 1105 2553 same3
1129 2511 1203 2545 and
1222 2511 1307 2545 thus
1325 2510 1498 2544 involved
1515 2510 1580 2544 the

108 2566 274 2601 Romans
300 2567 339 2600 in
367 2566 542 2611 religious
571 2568 812 2601 irreverence.
861 2568 983 2603 When
1011 2569 1173 2603 Marcius
1194 2568 1391 2613 Philippus
1414 2578 1517 2601 came
1539 2570 1579 2602 to

108 2623 214 2664 Dius,
241 2623 288 2658 he
318 2623 476 2657 ordered
506 2623 570 2657 the
596 2626 694 2658 tents
725 2627 763 2658 to
796 2624 843 2658 be
872 2625 1025 2670 pitched
1055 2625 1178 2660 under
1214 2624 1278 2659 the
1312 2624 1462 2669 temple,
1494 2623 1579 2658 that

108 2679 265 2725 nothing
286 2680 324 2714 in
343 2680 408 2714 the
429 2680 556 2714 sacred
578 2680 683 2725 place
708 2680 827 2725 might
851 2681 899 2716 be
923 2682 1097 2717 violated.
1165 2681 1300 2716 Strabo
1326 2681 1462 2715 relates
1494 2680 1578 2715 that

109 2737 342 2782 Tectosages,
363 2736 443 2771 who
470 2736 544 2770 had
567 2737 774 2782 plundered
792 2737 856 2772 the
878 2742 1063 2772 treasures
1085 2743 1124 2772 at
1140 2737 1291 2783 Delphi,
1312 2737 1386 2778 did,
1407 2737 1447 2770 in
1467 2737 1579 2771 order

107 2798 147 2829 to
174 2805 334 2840 appease
359 2793 423 2828 the
455 2793 627 2828 offended
659 2793 771 2839 deity,
804 2799 1018 2829 consecrate
1049 2793 1154 2829 them
1184 2798 1223 2828 at
1253 2793 1309 2829 his
1340 2794 1451 2829 home
1488 2793 1577 2828 with

107 2850 314 2886 additional
335 2851 521 2896 offerings.

188 2911 209 2944 3
241 2909 295 2942 To
313 2918 417 2943 come
439 2912 476 2943 to
499 2907 720 2944 Christians:
740 2907 915 2955 Agathias
936 2909 1070 2944 relatos
1090 2909 1171 2945 that
1193 2908 1257 2944 the
1281 2907 1424 2943 Franks
1445 2908 1579 2955 spared

244 3012 401 3069 [onor.
422 3011 505 3069 nn]
1386 2981 1440 3021 16

1609 524 1666 549 Lib.
1681 524 1736 549 xlii.
1747 526 1769 550 3.

1608 787 1694 817 Idem,
1706 787 1771 812 xliv.
1786 788 1808 816 7.

1608 918 1666 943 Lib.
1681 919 1715 943 iv.
1729 926 1754 950 p.

1608 950 1660 974 188.

1607 1050 1667 1076 Lib.
1682 1050 1709 1074 ii.
1724 1051 1744 1075 1.
