1971 3326
884 387 1077 430 CAPUT
1112 385 1230 428 XIV.

611 499 1084 539 TEMPERAMENTUM
1114 497 1268 534 CIROA
1298 496 1505 533 cAP'ros,

374 611 404 645 I.
469 609 547 651 Quo
579 618 687 652 usque
718 615 842 651 capere
871 603 1025 638 homiues
1121 602 1190 637 VI.
1233 601 1424 637 Peculium
1446 601 1618 647 quomodo
1647 601 1793 644 domini,

470 666 571 700 liceat
588 663 732 711 justitia
755 663 923 697 iuterna:
1238 660 1410 705 quomodo
1440 659 1542 694 servi.

368 725 418 760 11.
473 723 571 766 Quid
589 723 727 756 interno
740 719 891 767 justitie&
912 717 1025 752 domi—
1122 717 1210 752 VII.
1240 717 1302 751 An
1318 717 1425 751 servis
1430 717 1565 761 fieyere
1582 715 1692 751 liceat.

468 781 529 815 ‘nio
554 780 594 814 in
622 790 762 813 servum
793 777 916 811 liceat:
1113 774 1221 809 VIII.
1240 773 1304 807 An
1324 785 1340 808 e
1363 774 1471 809 servis
1490 773 1570 808 nati
1585 773 1726 808 domino
1747 780 1794 809 te·-

362 839 433 874 111.
470 838 555 872 Nou
576 837 676 871 licere
693 835 843 870 occidere
862 834 1026 868 innocen·
1238 837 1404 873 amantur,
1423 837 1454 866 et
1471 837 1654 876 quatenus.

472 902 552 930 tem,
1129 888 1201 924 IX.
1244 888 1342 931 Quid
1362 888 1579 934 faciendum
1613 888 1675 923 ubi
1710 899 1794 934 cap·

366 955 433 989 IV.
472 954 557 987 Nou
568 951 701 997 punire
716 948 949 984 inclementer.
1241 951 1360 980 torum
1384 946 1530 981 servitus
1563 946 1604 981 iu
1632 956 1700 980 usu
1723 957 1797 980 ‘non

375 1012 422 1045 V.
470 1011 555 1044 Non
578 1019 704 1054 operas
728 1006 881 1040 nimium
903 1016 1028 1051 yraves
1241 1009 1302 1038 est.

472 1067 660 1113 imponere.

329 1179 363 1220 I.
396 1179 422 1219 1
552 1172 733 1216 UIBUS
770 1170 813 1213 in
842 1168 941 1212 locis
972 1168 1190 1226 captivitas
1226 1168 1436 1212 hominum
1465 1174 1508 1212 et
1538 1167 1717 1212 servitus
1755 1167 1799 1210 in

110 1254 311 1311 lxffitffeglure
471 1178 550 1297 Q
574 1254 689 1282 more
713 1243 787 1287 est,
812 1236 846 1279 si
868 1236 1074 1278 internam
1091 1235 1294 1292 justitiam
1317 1235 1567 1293 respicimus,
1587 1234 1800 1278 limitanda

107 1317 208 1372 {212ng
218 1317 292 1372 ἐξε-
328 1309 505 1367 primum
542 1312 605 1350 est
643 1306 698 1348 ad
727 1318 868 1347 rerum
901 1302 1045 1352 instar,
1082 1307 1129 1345 ut
1159 1302 1311 1345 scilieet
1345 1317 1394 1345 eo
1434 1316 1564 1358 usque
1598 1301 1711 1344 licita
1748 1300 1801 1343 sit

115 1379 311 1439 CPIforgqssw·
329 1375 423 1419 talis
445 1372 669 1431 acquisiti0‚
702 1385 782 1428 quo
817 1383 947 1426 usque
976 1368 1105 1412 debiti
1136 1374 1209 1411 aut
1238 1367 1436 1425 primarii,
1460 1373 1533 1411 aut
1556 1368 1801 1410 subnascen-

112 1416 293 1494 §33225252
330 1442 383 1485 tis
406 1441 614 1498 quantitas
646 1438 815 1495 patitur,
840 1435 916 1478 nisi
949 1435 1058 1478 forte
1080 1434 1123 1477 in
1146 1434 1244 1491 ipsis
1265 1434 1496 1477 hominibus
1519 1433 1726 1491 peculiare
1748 1433 1802 1476 sit

112 1501 306 1563 {ffffsstjdwp‘
332 1508 524 1551 delictum
548 1505 659 1563 quod
681 1502 885 1547 libertatis
916 1502 1066 1544 damno
1096 1501 1232 1557 puniri
1255 1500 1429 1557 aequitas
1450 1501 1571 1543 ferat.
1644 1500 1802 1542 Hacte-

331 1589 409 1618 nus
436 1573 563 1632 igitur
591 1586 666 1614 nec
695 1570 806 1613 ultra
828 1568 986 1625 justum
1016 1567 1167 1610 bellum
1205 1582 1354 1625 gerens
1383 1567 1426 1609 in
1456 1566 1585 1610 hostis
1617 1565 1803 1610 subditos

332 1646 472 1699 captos
487 1639 557 1697 jus
578 1638 718 1688 habet,
740 1636 864 1692 idque
884 1634 927 1676 in
949 1633 1050 1676 alios
1073 1633 1208 1677 valide
1232 1633 1443 1676 transfert.

389 1762 404 1778 ¹²
434 1755 528 1795 Quod
548 1763 609 1784 non
631 1762 732 1783 omnes
754 1752 809 1791 qui
832 1751 912 1780 inter
936 1750 1037 1780 hostes
1099 1750 1119 1786 ἢ
1141 1749 1228 1779 κατά
1246 1749 1409 1789 λῃστείας
1433 1748 1657 1788 α’παχθέντων
1675 1748 1695 1783 ἦ
1714 1749 1804 1778 κατιί

322 1808 460 1845 fuerant
474 1803 728 1842 servosfecisset]
746 1802 845 1832 Filius
860 1801 926 1840 ejus
937 1801 1036 1830 Alex·
1100 1801 1251 1838 πόλεμον
1278 1799 1503 1838 αἰχμαλώτων
1525 1799 1722 1838 γενομένων,
1750 1800 1805 1828 οὓς

334 1858 433 1886 ander
446 1855 564 1885 Thebis
583 1854 683 1891 captis
705 1852 822 1882 exemit
840 1851 984 1880 servituti
1004 1853 1036 1880 et
1103 1851 1133 1880 οἱ
1152 1852 1211 1886 τῆς
1232 1851 1362 1889 φύσεως
1385 1850 1479 1888 νόμοι
1498 1851 1566 1879 τῶν
1584 1849 1731 1879 κάτωθεν
1749 1849 1803 1878 ὅν-

336 1905 526 1940 sacerdotes,
542 1906 574 1932 et
589 1912 642 1931 eos
657 1902 711 1939 qui
726 1901 861 1930 decretis
875 1901 907 1929 in
923 1910 956 1930 se
970 1901 1037 1929 fac·
1102 1911 1159 1929 τες
1172 1900 1387 1938 βεβαιότεραι
1399 1899 1592 1938 γράφουσιν
1605 1898 1807 1936 ἐλευθέρους·

335 1955 377 1984 tis
397 1963 460 1983 non
475 1953 698 1981 adsenserant:
720 1953 829 1979 narrat
846 1950 1037 1979 Plutarchus
1103 1959 1176 1978 nam
1190 1953 1217 1979 et
1231 1953 1340 1987 patres
1356 1960 1418 1988 pro
1429 1950 1516 1987 filiis
1538 1952 1566 1979 et
1579 1950 1651 1988 filii
1663 1959 1725 1987 pro
1740 1958 1804 1987 pa-

335 2006 369 2034 in
382 2004 448 2034 vita
462 2003 541 2042 ejus.
582 2001 748 2039 (Pag.570
762 1999 811 2037 Ε.)
1102 2000 1240 2029 rentibus
1258 2009 1336 2038 sape
1352 2000 1492 2038 pretium
1509 1999 1730 2038 pependerunt,
1749 2002 1806 2029 aut

396 2052 411 2074 b
434 2052 600 2090 Captivum
613 2060 645 2079 se
667 2050 801 2083 dicebat,
824 2058 883 2077 non
900 2048 1036 2087 servum]
1103 2050 1135 2078 vi
1169 2050 1324 2079 latronum
1351 2050 1499 2088 abreptis,
1528 2053 1584 2079 aut
1617 2050 1689 2079 belli
1722 2059 1806 2079 more

337 2103 448 2134 Philo:
482 2100 555 2131 ἐπεὶ
581 2099 634 2129 καὶ
661 2098 807 2137 πατέρες
835 2097 912 2127 υἱῶν
938 2098 1039 2136 τιμάς
1105 2100 1216 2138 captis,
1238 2109 1315 2138 quos
1329 2100 1452 2138 quidem
1465 2103 1584 2129 naturae
1603 2100 1683 2138 leqes
1698 2099 1806 2129 valen-

337 2152 534 2190 κατέθεσαν,
549 2151 604 2180 καὶ
620 2148 678 2179 υἱοὶ
690 2147 857 2177 πολλάκις
871 2147 1039 2186 πατέρων,
1106 2149 1201 2179 tiores
1216 2150 1265 2179 his
1274 2159 1340 2188 quae
1349 2150 1382 2179 in
1396 2153 1484 2180 terra
1487 2151 1575 2188 fiunt
1586 2150 1713 2188 leqibus,
1726 2149 1806 2179 scri-

564 2339 746 2374 CHAPTER
770 2336 876 2372 XIV.
927 2336 1131 2372 Restraz'uts
1157 2335 1349 2382 respectinq
1372 2336 1573 2370 Prisouers.

410 2432 441 2467 Ι.
493 2433 512 2465 1
544 2429 590 2464 In
606 2428 713 2464 those
732 2428 855 2474 places
872 2427 910 2460 in
930 2425 1051 2461 which
1070 2426 1136 2462 the
1156 2426 1334 2472 captivity
1353 2425 1428 2460 and
1445 2425 1632 2461 servitude
1657 2424 1700 2460 of
1720 2435 1807 2459 men

343 2488 513 2529 is'usual,
529 2487 559 2522 it
576 2490 686 2528 must,
705 2485 739 2519 if
759 2496 813 2519 we
835 2484 968 2529 reg-ard
989 2484 1151 2518 internal
1174 2483 1322 2528 justice,
1337 2483 1385 2518 be
1405 2482 1549 2517 limited
1566 2483 1605 2516 in
1621 2482 1686 2517 the
1706 2492 1808 2517 same

343 2558 425 2592 way
440 2557 479 2580 as
493 2550 687 2591 property3
703 2553 743 2577 so
756 2541 839 2576 that
860 2552 913 2576 we
929 2552 1014 2586 may
1033 2540 1128 2576 have
1149 2540 1241 2576 such
1257 2540 1507 2586 acquisitions,
1525 2540 1612 2586 only
1628 2550 1668 2574 so
1689 2538 1748 2573 far
1767 2549 1807 2573 as

344 2604 375 2638 is
392 2601 593 2649 permitted
610 2600 660 2645 by
674 2599 739 2634 the
756 2602 911 2633 amount
937 2598 980 2632 of
1008 2609 1031 2632 a
1056 2598 1157 2639 debt,
1180 2597 1301 2632 either
1319 2598 1485 2643 primary
1501 2608 1544 2631 or
1562 2596 1807 2637 subnascent3

345 2663 478 2705 except
496 2658 603 2693 there
623 2656 758 2692 should
774 2656 822 2690 be
838 2666 941 2690 some
961 2655 1126 2701 peculiar
1143 2655 1267 2695 delict,
1283 2653 1403 2689 which
1420 2654 1547 2699 equity
1558 2653 1683 2688 allows
1703 2656 1743 2687 to
1760 2652 1808 2687 be

345 2715 530 2763 punished
550 2715 601 2761 by
617 2714 682 2749 the
698 2714 772 2748 loss
792 2712 835 2747 of
847 2712 994 2758 liberty.
1041 2712 1091 2747 So
1111 2711 1178 2752 far,
1197 2711 1397 2752 therefore,
1413 2711 1487 2745 and
1502 2721 1552 2745 no
1568 2709 1726 2751 further,
1741 2708 1808 2742 has

346 2784 369 2807 a
400 2773 622 2818 belligerent
646 2771 747 2816 right
773 2781 861 2805 over
887 2769 1032 2815 captive
1058 2769 1232 2811 enemies,
1258 2768 1332 2803 and
1359 2767 1424 2803 the
1443 2778 1568 2814 power
1593 2766 1636 2802 of
1661 2777 1684 2800 a.
1709 2764 1807 2801 valid

346 2830 508 2864 transfer
528 2829 571 2863 of
587 2828 677 2863 such
698 2827 797 2873 right
817 2830 857 2862 to
878 2826 1014 2861 others.

417 2889 438 2918 2
468 2885 505 2918 It
523 2885 597 2919 will
618 2895 810 2919 moreover
831 2884 877 2919 be
898 2883 962 2918 the
983 2883 1076 2929 duty
1096 2882 1139 2918 of
1160 2883 1288 2929 equity
1304 2881 1379 2916 and
1405 2880 1599 2927 goodness,
1619 2883 1659 2914 to
1684 2877 1808 2924 apply,

347 2940 438 2975 here
463 2941 552 2981 also,
574 2941 681 2977 those
707 2941 939 2977 distinctions
961 2939 1082 2975 which
1111 2951 1166 2975 we
1195 2939 1311 2975 noted
1334 2938 1476 2979 before,
1495 2936 1585 2971 with
1614 2935 1748 2981 rcgard
1768 2938 1807 2969 to
