1971 3326
146 175 234 211 CAP.
254 173 299 219 1.]
357 176 581 211 REGULAE
615 176 916 212 GENERALES
947 178 1018 212 EX
1048 178 1178 213 JTTRE
1210 178 1449 214 NATURAE.
1553 176 1606 215 39

146 287 269 329 Unde
298 302 388 329 cum
412 288 588 330 Perseus
620 288 891 331 Macedonum
920 303 995 331 rex
1027 289 1222 344 deceptus
1250 296 1356 333 esset
1381 305 1454 346 spe
1481 292 1605 348 paCIS,

144 353 353 410 negabant
371 359 533 396 veteres
555 360 791 397 senatorum
815 370 858 397 se
881 369 1104 412 agnoscere
1128 356 1336 397 Romanas
1360 363 1496 399 artes:
1524 373 1607 400 ma-

138 419 252 475 jores
286 435 494 476 nunquam
518 426 564 462 ut
587 426 679 463 astu
713 421 843 478 magis
867 436 990 477 quam
1013 421 1166 464 virtute
1194 422 1472 479 gloriarentur
1499 424 1607 467 bella

143 485 340 543 gessisse:
376 501 457 528 non
495 487 686 529 versutiis
723 487 898 538 Punicis,
928 503 1010 530 non
1044 488 1267 531 calliditate
1304 489 1464 539 Graeca,
1497 491 1608 546 apud

143 565 245 607 quos
268 552 411 594 fallere
446 552 605 595 hostem
629 568 750 609 quam
776 553 817 595 vi
840 569 1037 610 superare
1071 554 1287 612 gloriosius
1309 555 1429 598 foret.
1502 558 1607 598 Tum

142 617 244 660 illud
277 619 510 661 addebant:
559 621 780 661 interdum
816 621 867 661 in
894 635 1086 675 proesens
1125 630 1287 676 tempus
1317 624 1422 677 plus
1449 625 1608 678 profici

143 685 240 726 dolo
270 700 399 738 quam
428 686 596 733 virtute,
629 686 704 727 secl
731 686 819 739 ejus
849 687 1017 727 demum
1049 689 1244 728 animum
1276 689 1324 729 in
1351 698 1608 744 perpetuum

142 752 271 800 vinci,
312 752 384 793 cui
424 751 627 805 cooffcssio
665 765 864 806 expressa
905 760 1020 801 esset,
1064 767 1106 794 sc
1151 767 1281 808 neque
1322 763 1429 805 arte,
1477 771 1608 811 neque

143 831 260 865 casu,
295 818 368 859 sed
408 817 579 858 collatis
606 818 796 859 cominus
826 818 995 859 viribus
1019 818 1142 872 justo
1185 833 1238 860 ac
1265 821 1344 874 pio
1382 821 1485 862 bello
1523 837 1608 864 csse

141 891 407 937 superatum.
494 881 635 923 Etiam
688 882 818 924 serius
868 882 979 939 apud
1033 883 1220 925 Tacitum
1275 884 1472 941 legimus:
1525 903 1607 929 uon

129 950 311 1002 fraude,
335 963 465 1002 neque
490 950 660 998 occulte,
688 951 761 991 sed
782 950 941 1004 palam
975 958 1014 992 et
1042 959 1263 992 armatum
1285 953 1498 1007 populum
1523 955 1607 995 Ro-

140 1029 316 1057 manum
339 1016 476 1057 hostes
507 1030 604 1057 suos
627 1016 788 1057 ulcisci.
848 1014 970 1057 Tales
999 1015 1123 1058 etiam
1148 1016 1355 1067 Tibareni,
1382 1018 1452 1074 qui
1476 1019 1606 1074 praelii

140 1094 304 1136 quoque
343 1080 475 1122 locum
511 1086 553 1123 et
584 1086 745 1138 tempus
776 1081 1057 1124 condicebant.
1133 1083 1255 1133 Quod
1286 1090 1328 1126 et
1363 1084 1415 1126 de
1452 1085 1607 1128 Graecis

140 1146 202 1188 sui
224 1146 420 1203 temporis
441 1148 552 1203 apud
576 1148 834 1190 Herodotum
861 1148 1021 1204 ¹prodit
1044 1149 1297 1191 Mardonius.

235 1213 354 1256 XXI.
425 1213 492 1255 Ad
519 1213 682 1256 modum
714 1213 865 1271 agendi
901 1219 943 1256 et
967 1214 1068 1256 illud
1103 1215 1294 1271 pertinet,
1331 1217 1441 1272 quod
1472 1218 1608 1274 aquic-

139 1279 239 1335 quid
262 1279 382 1322 alicui
405 1279 541 1321 facere
568 1294 650 1321 non
672 1279 779 1329 licet,
799 1280 854 1322 ad
877 1280 920 1322 id
944 1295 1037 1322 eum
1060 1280 1271 1338 impellere
1294 1289 1367 1325 aut
1390 1283 1608 1327 sollicitare

139 1360 222 1387 non
244 1344 379 1388 liceat.
434 1346 516 1387 Pro
539 1346 725 1402 exemplo
751 1346 832 1388 sint
855 1347 969 1389 haec:
998 1361 1141 1404 regem
1165 1363 1282 1390 suum
1304 1349 1490 1392 occidere
1514 1352 1608 1394 sub-

140 1411 226 1454 dito
263 1426 348 1453 non
387 1411 495 1461 licet,
530 1426 606 1454 nec
637 1412 788 1468 oppida
818 1412 906 1455 sine
941 1413 1104 1455 oonsilio
1139 1414 1300 1470 publico
1331 1415 1496 1467 dedere,
1533 1432 1608 1459 nec

138 1477 315 1533 spoliare
339 1478 457 1521 cives.
528 1478 595 1520 Ad
617 1478 706 1520 haee
727 1493 828 1536 ergo
855 1479 1077 1531 subditum,
1104 1480 1173 1536 qui
1196 1481 1289 1522 talis
1312 1489 1489 1533 maneat,
1514 1498 1608 1540 per-

139 1559 304 1587 movere
339 1559 422 1586 non
455 1543 562 1588 licet.
623 1544 796 1602 Semper
827 1545 934 1587 enim
962 1545 1032 1602 qui
1066 1546 1187 1588 alteri
1222 1548 1417 1603 peccandi
1446 1564 1608 1592 causam

139 1610 226 1660 dat,
251 1616 394 1668 peccat
413 1616 456 1654 et
487 1610 588 1668 ipse.
658 1612 746 1654 Nec
768 1617 829 1654 est
851 1612 960 1668 quod
988 1618 1157 1670 regerat
1184 1613 1409 1669 quisquam,
1435 1615 1513 1672 ipsi
1537 1616 1607 1672 qui

138 1727 264 1756 virtutis
275 1726 415 1765 fiducia,
439 1726 524 1766 quod
549 1727 668 1766 optime
692 1727 839 1756 convenit
905 1730 991 1757 runt.
1033 1727 1068 1757 J.
1083 1728 1124 1758 B.

138 1786 210 1806 cum
224 1777 260 1806 iis
276 1787 346 1816 quae
361 1787 418 1807 nos
437 1778 530 1817 hujus
543 1777 734 1816 paragraphi
748 1777 839 1806 initio
964 1782 978 1797 Β
1003 1776 1167 1815 Quidquid
1176 1778 1461 1817 alicuz‘facerenon
1476 1781 1555 1818 licet,
1565 1783 1610 1811 ad

138 1828 170 1856 in
185 1830 278 1856 textu
291 1827 439 1858 diximus.
905 1826 942 1854 id
977 1836 1043 1855 eum
1079 1828 1235 1865 impellere
1268 1833 1323 1859 auc
1349 1831 1522 1860 sollicitare
1548 1842 1609 1861 mm

200 1877 209 1895 ¹
232 1879 336 1907 Locus
363 1881 412 1907 est
433 1878 502 1906 Lib.
530 1886 593 1908 vn.
616 1886 684 1916 cap.
704 1878 734 1908 9.
777 1878 838 1907 Sed
906 1876 1014 1914 liceat]
1062 1877 1114 1905 Ita
1143 1878 1236 1907 docet
1264 1882 1296 1908 et
1332 1880 1542 1911 Maimonides
1573 1883 1605 1910 in

138 1927 192 1957 ubi
207 1927 239 1956 id
252 1927 370 1965 reperit
386 1927 510 1956 Auctor
519 1930 638 1961 noster,
649 1928 733 1965 quod
743 1928 839 1956 verba
904 1924 984 1956 'min
997 1925 1098 1957 1²³7:er
1113 1936 1180 1966 cap.
1197 1929 1227 1957 5.
1243 1928 1260 1967 ἓ
1278 1930 1325 1958 10.

140 1977 262 2013 Graeca,
285 1980 372 2007 recte
395 1986 541 2015 expensa,
564 1985 626 2006 non
646 1985 711 2014 prae
734 1986 767 2005 se
790 1977 838 2006 fe-

138 2146 288 2188 present
312 2146 489 2185 moment,
515 2154 659 2178 success
684 2143 803 2189 might
827 2144 874 2180 be
899 2145 1076 2181 obtained
1101 2147 1150 2193 by
1178 2147 1299 2182 deceit
1322 2158 1425 2183 more
1445 2148 1536 2182 than
1556 2148 1607 2195 by

137 2200 288 2241 valour3
313 2200 381 2234 but
408 2200 490 2235 that
514 2200 571 2236 his
602 2200 704 2234 mind
726 2202 813 2248 only
839 2213 910 2237 was
939 2203 1165 2250 thoroughly
1185 2205 1408 2250 conquered,
1430 2205 1511 2240 who
1532 2217 1605 2241 was

137 2257 346 2303 compelled
368 2261 408 2291 to
428 2258 572 2293 confess
593 2257 675 2292 that
700 2258 747 2293 he
770 2270 842 2293 was
865 2260 1048 2303 subdued,
1065 2265 1132 2296 not
1157 2261 1206 2308 by
1227 2265 1285 2296 art
1306 2273 1349 2296 or
1376 2263 1427 2308 by
1453 2263 1605 2306 chance,

135 2313 205 2349 but
228 2315 268 2348 in
293 2325 316 2348 a
346 2314 445 2349 close
464 2315 551 2350 trial
571 2315 614 2350 of
640 2316 809 2360 strength
837 2317 876 2350 in
902 2328 924 2351 a
945 2319 1023 2363 just
1051 2319 1125 2353 and
1156 2319 1262 2364 pious
1289 2331 1374 2354 war.
1429 2321 1478 2355 So
1512 2332 1604 2355 even

135 2371 231 2406 later
252 2372 291 2405 in
312 2372 472 2407 Tacitus.
525 2372 625 2407 Such
647 2376 709 2407 too
727 2384 822 2408 were
843 2373 907 2409 the
929 2375 1182 2417 Tibarenians,
1199 2376 1279 2410 who
1301 2378 1522 2412 announced
1539 2378 1604 2412 be-

135 2428 318 2463 forehand
338 2429 403 2464 the
422 2430 513 2464 time
533 2430 606 2464 and
627 2430 732 2475 place
749 2431 791 2465 of
807 2431 936 2467 battle.
987 2432 1072 2467 And
1090 2433 1308 2468 Mardonius
1329 2435 1368 2468 in
1389 2435 1603 2469 Herodotus

137 2496 220 2531 says
240 2485 323 2520 that
343 2485 407 2520 the
430 2486 571 2521 Greeks
593 2486 636 2521 of
653 2486 708 2521 his
726 2488 816 2523 time
833 2489 896 2523 did
917 2489 982 2524 the
999 2501 1110 2525 same.

207 2542 317 2577 XXI.
378 2541 429 2577 As
461 2547 501 2578 to
534 2543 632 2578 what
659 2555 836 2580 concerns
869 2545 934 2581 the
966 2547 1078 2582 mode
1108 2547 1152 2582 of
1174 2547 1310 2593 acting,
1331 2547 1404 2581 this
1431 2548 1461 2581 is
1490 2551 1530 2582 to
1554 2547 1602 2582 be

136 2599 274 2641 noted3
304 2598 387 2633 that
411 2599 510 2634 what
539 2600 568 2635 it
598 2601 628 2635 is
658 2605 724 2636 not
749 2602 874 2637 lawful
897 2603 958 2638 for
982 2604 1140 2639 another
1165 2608 1204 2638 to
1230 2604 1288 2645 do,
1313 2604 1343 2638 it
1368 2604 1397 2638 is
1427 2607 1493 2638 not
1517 2604 1603 2638 law-

135 2656 193 2691 ful
213 2656 273 2691 for
296 2667 339 2690 us
364 2659 403 2691 to
437 2657 551 2702 impel
576 2668 618 2692 or
642 2658 761 2694 solicit
791 2659 870 2693 him
906 2664 945 2695 to
974 2661 1033 2695 do.
1096 2661 1165 2695 We
1195 2671 1281 2705 may
1311 2660 1398 2694 take
1424 2660 1514 2695 such
1539 2672 1601 2696 ex-

136 2713 278 2760 amples
308 2724 347 2748 as
372 2713 499 2748 these:
526 2714 556 2748 it
581 2714 611 2749 is
642 2718 708 2749 not
732 2716 857 2750 lawful
881 2716 942 2751 for
961 2728 983 2751 a
1004 2717 1147 2761 subject
1171 2720 1210 2751 to
1241 2717 1306 2750 kill
1331 2716 1387 2751 his
1412 2717 1512 2763 king,
1533 2729 1604 2752 nor

135 2776 176 2805 to
196 2771 278 2816 give
298 2781 349 2817 up
370 2773 486 2805 towns
508 2770 663 2805 without
683 2772 808 2817 public
829 2773 1029 2819 authority,
1049 2784 1119 2807 nor
1144 2776 1184 2807 to
1216 2773 1358 2819 despoil
1384 2773 1440 2809 his
1460 2774 1603 2809 fellow-

137 2827 298 2862 citizens.
362 2827 564 2863 Therefore
585 2828 615 2862 it
635 2828 664 2862 is
685 2832 751 2863 not
771 2829 896 2863 lawful
918 2833 956 2864 to
982 2841 1090 2864 move
1116 2841 1138 2863 a
1159 2830 1301 2871 citizen,
1322 2831 1540 2877 continuing
1564 2833 1603 2866 in

135 2883 220 2918 that
250 2884 453 2926 character,
482 2889 522 2919 to
556 2885 604 2920 do
630 2885 720 2920 such
749 2885 883 2931 things.
934 2887 1010 2921 For
1039 2887 1077 2920 in
1101 2887 1151 2920 all
1177 2898 1288 2928 cases,
1318 2887 1366 2922 he
1391 2887 1472 2923 who
1503 2889 1603 2934 gives

136 2940 294 2976 another
314 2952 423 2977 cause
449 2945 489 2977 to
510 2943 577 2984 sin,
605 2942 692 2978 does
713 2942 867 2978 himself
887 2943 954 2979 sin.
1016 2943 1097 2978 Nor
1128 2944 1158 2979 is
1188 2944 1217 2979 it
1247 2944 1394 2990 enough
1427 2949 1465 2980 to
1498 2946 1604 2991 reply

1624 309 1710 371 {lb—[jis.
1725 310 1783 334 xlii.

1625 903 1696 926 Ann.
1711 902 1736 926 ii.
1751 903 1790 927 83.

1625 1033 1708 1057 Schol.
1719 1033 1757 1056 sul
1768 1032 1795 1056 ii.

1624 1065 1709 1093 Apoll.
1726 1064 1812 1088 thocl.

1625 1101 1648 1118 v.
1664 1095 1732 1118 1012.
