1971 3326
153 168 242 204 CAP.
262 166 385 212 XIV.]
445 167 915 204 TEMPERAMENTUM
945 166 1097 203 CIROA
1127 167 1332 204 OAPTOS.
1537 162 1620 202 255

250 281 277 321 2
322 277 416 322 Erit
438 284 576 321 autem
598 278 801 336 aequitatis
825 283 867 321 et
889 278 1084 321 bonitatis
1108 277 1280 320 officium
1304 277 1370 319 1110
1392 291 1554 334 quoque
1573 292 1622 320 ea

151 345 349 388 adhibere
373 345 620 396 discrimina,
646 360 751 402 quae,
776 360 867 387 cum
900 345 952 388 de
986 344 1277 387 interficiendis
1307 344 1492 386 hostibus
1524 358 1622 402 age-

151 418 281 462 retur,
305 426 431 468 supra
453 417 651 454 annotata
675 417 781 454 sunt.
852 411 1153 454 Demosthenes
1174 411 1216 453 in
1240 410 1413 468 epistola
1435 425 1511 467 pro
1537 411 1622 468 Ly-

152 478 270 535 curgi
293 477 432 520 liberis
459 477 602 520 laudat
627 477 866 534 Philippum
896 477 1178 528 Macedonem,
1202 477 1340 534 aquod
1362 491 1445 519 non
1469 492 1620 527 omnes,

151 544 221 600 qui
245 545 352 587 inter
375 545 514 587 hostes
536 544 714 594 fuerant,
740 557 883 586 servos
904 543 1092 586 fecisset:
1125 543 1192 588 καὶ
1227 540 1322 604 γάρ
1358 538 1460 587 οὔτε
1488 539 1623 587 δίκαια

153 612 259 655 εἶναι
296 607 405 671 πρὸς
450 609 650 655 ἅπαντας
696 607 756 653 τὰ
799 606 932 663 αὐτά,
980 605 1084 653 οὗτε
1131 609 1243 655 καλὰ
1288 607 1466 668 ἡγεῖτο,
1499 607 1622 653 ἀλλὰ

153 674 237 729 τήν
260 679 338 730 τῆς
361 675 485 735 ἀξίας
521 674 776 737 προσθήκην
810 673 1197 736 συλλογιζόμενος,
1231 676 1290 720 τά
1325 673 1495 720 τοιαῦτ’
1521 673 1624 720 ἑπέ-

153 757 314 804 κρινεν·
349 759 480 799 neque
513 745 637 793 enim,
669 741 814 798 inquit,
843 743 991 784 eadem
1026 744 1073 783 in
1103 757 1243 785 omnes
1272 751 1351 784 aut
1383 758 1508 798 ecqua
1544 751 1624 785 aut

153 811 330 852 honesta
352 811 558 859 censebat,
584 810 658 852 scd
680 824 769 850 rem
793 816 1003 863 exputans
1024 823 1119 850 cum
1138 810 1375 851 accessione
1398 809 1487 862 ejus
1511 810 1624 864 quod

154 878 331 932 quisque
353 878 587 926 meruisset,
612 877 744 918 etiam
767 876 815 917 in
839 876 998 916 talibus
1021 875 1134 916 velut
1147 875 1341 928 judicem
1365 875 1532 929 emebat.

256 943 314 986 II.
385 944 410 984 1
458 942 543 984 Sed
579 941 757 998 primum
797 941 1023 983 notandum
1060 940 1127 982 hic
1165 946 1239 991 est,
1271 940 1340 997 jus
1374 940 1476 983 illud
1513 940 1624 997 quod

154 1007 271 1063 quasi
299 1023 352 1050 ex
381 1007 639 1065 fidejussione
673 1022 749 1064 pro
782 1006 947 1050 civitate
977 1006 1120 1056 oritur,
1150 1006 1391 1063 neutiquam
1419 1011 1506 1049 tam
1540 1007 1624 1049 late

152 1079 310 1130 patere,
347 1088 469 1130 quam
498 1074 568 1130 jus
603 1073 712 1130 quod
744 1088 795 1116 ex
830 1073 977 1115 delicto
1012 1072 1192 1115 nascitur
1221 1073 1263 1115 in
1293 1087 1362 1115 eos
1391 1072 1461 1129 qui
1492 1087 1624 1129 poenae

153 1139 262 1181 servi
296 1139 412 1182 fiunt.
483 1140 607 1182 Unde
644 1140 874 1196 Spartanus
905 1139 1071 1195 quidam
1105 1134 1340 1195 bcaptivum
1371 1153 1415 1181 se
1447 1138 1622 1188 dicebat,

156 1207 258 1247 ¹non
282 1220 471 1249 servum:
507 1220 603 1247 nam
633 1205 667 1248 si
695 1220 784 1248 rem
816 1211 928 1248 recte
960 1204 1206 1261 inspicimus,
1236 1205 1306 1261 jus
1328 1205 1406 1246 1100
1429 1204 1625 1262 generale

153 1271 196 1313 in
219 1277 360 1328 captos
384 1286 436 1314 ex
459 1272 565 1314 bello
592 1271 706 1328 justo
729 1286 806 1328 par
829 1277 892 1314 est
922 1271 958 1313 ei
985 1271 1071 1327 juri
1094 1271 1204 1327 quod
1227 1271 1383 1313 habent
1406 1270 1559 1313 domini
1581 1270 1625 1312 in

155 1351 226 1379 eos
248 1337 318 1393 qui
342 1352 386 1380 se
408 1343 655 1395 paupertate
676 1338 806 1380 coacti
834 1337 877 1379 in
908 1337 1148 1380 servitutem
1173 1336 1460 1386 vendiderunt,
1486 1337 1624 1379 demto

155 1404 266 1459 quod
287 1404 409 1446 etiam
433 1404 564 1462 magis
587 1404 821 1446 miseranda
849 1409 911 1446 est
944 1418 1086 1445 eorum
1110 1402 1331 1453 calamitas,
1353 1403 1424 1459 qui
1447 1418 1528 1444 non
1551 1417 1625 1445 suo

155 1470 263 1512 facto
299 1469 463 1527 speciali
497 1471 569 1513 sed
600 1470 833 1528 regentium
864 1469 985 1526 culpa
1011 1469 1054 1511 in
1083 1483 1173 1511 eam
1205 1475 1359 1511 sortem
1388 1469 1623 1511 deveniunt.

158 1532 433 1580 Δεινότατον
457 1532 745 1598 &optatam-rods
778 1532 1008 1594 γενέσθαι·
1044 1550 1112 1579 res
1134 1537 1414 1578 acerbissima
1441 1544 1502 1578 est
1527 1536 1627 1578 belli

145 1602 249 1656 jure
271 1605 490 1659 captivum
505 1605 609 1658 fieri
624 1619 637 1645 :
673 1609 778 1646 teste
802 1603 999 1646 Isocrate.

157 1718 231 1748 bunt
250 1718 373 1749 liberos.
402 1719 491 1757 (Lib.
515 1719 608 1758 Quod
620 1719 718 1748 omnis
732 1719 857 1748 Probus
926 1728 1002 1757 pag.
1016 1720 1087 1749 445.
1107 1719 1162 1749 sed
1176 1728 1239 1748 non
1255 1718 1358 1754 docet,
1376 1718 1460 1747 unde
1473 1717 1626 1747 hauserit.

158 1768 246 1806 liber,
269 1778 343 1806 pag.
360 1769 418 1799 870
433 1769 485 1806 Ε.)
531 1769 690 1797 Nimirum
714 1771 751 1798 ut
771 1769 857 1807 apud
927 1770 1082 1807 Reperies
1103 1770 1188 1808 apud
1211 1770 1471 1805 ARISTOTELEM,
1494 1768 1626 1798 Politic.

159 1817 363 1847 Theodecten
378 1817 502 1847 Helena
515 1817 721 1855 loquebatur:
927 1819 997 1850 Lib.
1015 1828 1038 1850 1.
1061 1829 1131 1858 cap.
1147 1820 1186 1849 vi.
1212 1829 1286 1858 pag.
1301 1821 1358 1849 302
1374 1828 1408 1848 Β.
1429 1819 1494 1848 Ed.
1510 1819 1624 1848 Paris.

226 1877 302 1903 Θεῶν
323 1876 367 1903 ἀπ’
390 1876 494 1910 ἀμφοῖν
511 1876 624 1909 ἐκγόνου
637 1875 805 1909 ῥιζωμάτωιι,
926 1869 981 1898 ubi
1003 1869 1139 1907 legitur:
1170 1869 1273 1898 Θείων
1302 1868 1328 1897 δ’
1354 1868 1423 1905 ἀπ’,
1453 1867 1508 1898 &Q
1533 1870 1570 1897 ut
1594 1870 1627 1897 ef.

226 1921 274 1949 Τίς
290 1921 325 1947 ἂν
343 1920 505 1954 προσειπεῖν
522 1920 669 1952 ἀξιώσειεν
689 1920 801 1954 Acii-pem
926 1919 958 1948 in
987 1919 1110 1948 Heinsii
1137 1919 1296 1955 Editlone,
1326 1927 1397 1948 cum
1426 1917 1626 1957 Paraphrasi.

221 1976 344 2006 Utraque
361 1976 463 2005 genen's
482 1977 558 2006 parte
577 1977 736 2006 prognatam
753 1976 824 2006 Deis,
925 1968 961 1998 J.
973 1968 1034 2007 B.]

220 2017 313 2042 Eritne
328 2024 431 2042 servam
448 2017 587 2042 nominare
603 2018 649 2048 qui
663 2018 784 2043 audeat?
987 2019 996 2036 1
1019 2020 1132 2049 Refert
1159 2018 1191 2047 id
1216 2018 1456 2057 PLUTARCHUS,
1485 2018 1627 2058 Apopt}l‚

161 2065 285 2105 [Habet
312 2065 372 2093 hoc
405 2065 529 2094 Auctor
564 2068 673 2094 noster
700 2065 796 2094 etiam
823 2064 856 2094 in
926 2068 1044 2099 Lacon,
1066 2077 1144 2106 pag.
1159 2069 1218 2098 234
1232 2076 1262 2098 c.
1291 2068 1383 2098 Tom.
1399 2077 1438 2099 11.
1467 2069 1536 2098 Ed.
1562 2069 1626 2098 We-

159 2115 332 2154 Eoecerptis
345 2125 383 2145 ex
402 2115 546 2154 Traqoed.
560 2118 589 2145 et
605 2114 737 2145 Comoed.
757 2115 856 2146 Graec.
927 2118 1004 2148 chel.
1044 2117 1080 2147 J.
1094 2117 1137 2147 B.

160 2279 293 2325 killing
323 2279 496 2314 enemies.
545 2279 818 2314 Demosthenes
850 2280 990 2325 praises
1023 2281 1161 2328 Philip,
1193 2281 1354 2316 because
1382 2280 1431 2316 he
1463 2281 1527 2316 did
1558 2285 1626 2317 not

161 2337 271 2371 make
300 2336 416 2372 slaves
448 2335 491 2370 of
519 2337 569 2371 all
599 2335 681 2370 who
710 2335 787 2370 had
813 2336 911 2371 been
939 2336 996 2373 his
1025 2339 1201 2381 enemies,
1233 2338 1302 2372 but
1331 2338 1498 2384 weighed
1527 2338 1626 2374 their

160 2394 314 2429 deserts.

233 2450 284 2484 II.
334 2452 353 2483 1
385 2450 461 2484 But
477 2450 570 2491 first,
599 2449 672 2484 this
699 2450 729 2483 is
750 2452 789 2484 to
810 2449 858 2484 be
880 2451 993 2486 noted
1007 2464 1017 2493 3
1045 2452 1129 2487 that
1154 2451 1220 2487 the
1240 2451 1340 2497 right
1368 2451 1488 2486 which
1512 2451 1627 2486 arises

163 2505 262 2540 from
279 2505 427 2540 citizens
444 2506 556 2551 being
573 2518 595 2541 a
615 2510 692 2541 sort
709 2507 752 2541 of
764 2510 891 2553 surety
907 2508 966 2543 for
981 2508 1045 2543 the
1064 2509 1181 2550 State,
1194 2509 1224 2543 is
1245 2509 1294 2554 by
1314 2518 1362 2542 no
1380 2519 1507 2542 means
1522 2512 1561 2542 to
1579 2509 1627 2543 be

164 2561 350 2597 extended
365 2572 405 2596 so
425 2562 559 2608 widely
585 2574 625 2597 as
651 2563 716 2598 the
741 2563 841 2608 right
864 2564 984 2600 which
1008 2566 1121 2600 arises
1142 2577 1183 2600 cx
1209 2566 1330 2600 delicto
1355 2565 1499 2610 against
1519 2565 1627 2600 those

164 2618 246 2653 who
264 2629 327 2652 are
343 2618 454 2663 penal
474 2619 602 2653 slaveS.
635 2619 721 2653 And
738 2619 835 2661 thus,
855 2632 878 2654 a
893 2623 1035 2656 certain
1054 2623 1214 2668 Spartan
1232 2622 1323 2662 said,
1344 2621 1428 2656 that
1446 2621 1495 2656 he
1511 2633 1584 2656 was
1605 2633 1628 2656 a

166 2675 323 2722 captive,
339 2675 408 2709 but
429 2678 497 2709 not
517 2686 539 2709 a
559 2675 669 2710 slave.
720 2676 795 2710 For
820 2677 853 2710 if
876 2689 931 2712 we
951 2678 1090 2724 rightly
1118 2679 1205 2713 look
1230 2682 1269 2712 at
1293 2678 1358 2712 the
1382 2682 1530 2719 matter,
1552 2678 1627 2713 this

165 2732 318 2778 general
334 2731 434 2777 right
451 2732 595 2777 against
611 2733 784 2778 captives,
804 2733 834 2767 15
856 2745 904 2768 011
921 2746 944 2769 a
964 2735 1038 2769 like
1054 2735 1200 2780 footing
1219 2734 1308 2768 with
1328 2734 1393 2769 the
1415 2735 1515 2780 right
1541 2735 1585 2770 of
1605 2747 1627 2770 a

165 2793 305 2824 master
332 2800 419 2823 over
438 2788 544 2823 those
567 2788 648 2823 who
665 2788 759 2824 have
780 2790 859 2824 sold
888 2790 1110 2826 themselves
1137 2792 1216 2826 into
1244 2791 1387 2837 slavery
1410 2791 1531 2826 under
1561 2791 1627 2827 the

166 2845 398 2892 compulsion
419 2846 462 2880 of
477 2849 595 2887 want3
626 2846 854 2892 abstracting
874 2846 937 2882 the
963 2847 1113 2883 heavier
1135 2851 1221 2894 part
1246 2848 1289 2882 of
1314 2847 1412 2883 their
1441 2849 1627 2895 calamity,

166 2903 250 2939 that
270 2902 359 2950 they
375 2902 471 2939 have
499 2914 605 2938 como
625 2903 704 2939 into
726 2903 809 2939 that
834 2915 928 2946 case,
956 2908 1022 2940 not
1048 2905 1099 2952 by
1124 2916 1197 2952 any
1222 2905 1361 2952 special
1381 2909 1441 2941 act
1465 2906 1507 2941 of
1528 2906 1627 2942 their

1641 412 1703 442 Pag.
1715 412 1759 436 114
1772 417 1798 436 Β.

1643 1613 1712 1639 Piae.
1725 1620 1751 1645 p.
1760 1613 1807 1638 300
1814 1618 1841 1638 A.
