1971 3326
222 184 308 225 428

265 308 303 344 73
324 308 354 338 ii.
371 310 398 345 1,
413 311 460 345 21,
477 311 505 339 2.
530 308 613 338 Jura
629 318 666 338 ex
687 309 759 347 lege
782 309 973 339 Christiana.
994 309 1026 338 ii.

263 360 292 395 5,
307 359 338 393 9,
354 360 382 394 2,
395 360 415 388 3

224 407 432 437 Matrimonia
447 417 509 436 non
525 408 664 438 ineunda
679 418 749 437 cum
766 407 915 446 profanis,
937 408 969 436 ii.
980 408 1027 443 15,

263 459 312 494 10,
335 459 363 494 4,
387 460 416 488 3.
459 459 612 493 Quaedam
635 459 712 487 talia
733 462 807 487 sunt
830 468 868 487 ex
891 458 972 496 lege,
991 461 1028 487 ut

264 507 356 537 liberi
378 509 417 537 ad
438 508 655 537 haereditatem
676 517 738 536 non
754 508 974 536 admittantur.
996 507 1026 536 ii.

264 557 292 592 7,
307 559 335 593 8,
349 559 378 587 3.
420 557 563 586 Plurium
579 566 711 586 uxorum
728 557 803 585 olim
823 556 919 585 licita.
950 557 981 585 ii.
997 558 1026 592 5,

263 607 293 644 9,
321 610 348 643 4,
378 609 405 637 1.
459 607 540 635 Cum
565 607 752 645 propinquis
781 606 945 644 sanguiue,
972 609 1028 636 aut

267 657 430 692 affinitate,
444 657 540 690 unde,
552 659 585 685 et
595 660 752 694 quatenus
762 656 883 686 illicita.
898 656 929 685 ii.
938 657 966 692 5,
978 657 1027 694 12,

265 708 292 742 1,
309 706 337 735 ἃ
354 708 401 743 13,
417 708 447 735 1.
473 707 646 735 Parentum
669 716 740 735 cum
757 707 874 742 liberis,
894 709 926 735 et
947 707 1026 735 libe-

262 765 368 785 rorum
389 766 459 785 curn
479 757 664 794 parentibus
686 759 798 785 contra
812 756 865 795 jus
887 759 1026 785 naturaet

267 811 300 836 et
316 808 398 836 unde
413 807 533 836 illicita.
556 807 586 836 ii.
601 809 630 843 5,
646 809 693 843 12,
708 809 738 841 2,
753 809 782 837 5.
824 808 878 836 An
893 807 981 836 licita
994 807 1026 835 in

264 857 414 895 gradibus
429 856 584 894 expressis
605 857 637 885 in
661 857 813 886 Levitico.
843 857 873 886 ii.
890 858 919 892 5,
935 858 981 893 13,
996 858 1024 885 3.

265 906 414 935 Fratrum
440 909 472 935 et
497 915 641 935 sororum
669 916 733 945 quo
756 907 830 945 jure
854 907 963 943 vetita,
995 909 1029 936 et

264 956 349 984 unde
364 956 482 984 illicita.
505 956 536 984 ii.
558 957 585 992 5,
602 957 648 992 13,
663 956 681 986 6

225 1006 501 1036 Matrimoniorum
514 1007 801 1036 contrahendorum
813 1008 942 1037 libertas
958 1007 1027 1046 qui-

265 1057 323 1085 bus
338 1059 370 1085 et
385 1060 542 1094 quatenus
557 1057 719 1086 debeatur.
742 1058 772 1086 ii.
788 1060 816 1093 2,
833 1060 881 1094 21,
898 1060 924 1093 1,
939 1060 957 1086 2

225 1106 388 1135 Maxillam
406 1107 570 1135 obvertere
585 1106 729 1135 Hebraeis
744 1107 830 1145 quid.
853 1108 873 1136 i.
889 1110 917 1143 2,
932 1109 960 1144 8,
975 1109 994 1136 8

224 1155 383 1184 Maximus
398 1158 475 1184 natu
490 1155 521 1183 in
537 1156 644 1193 regnis
658 1165 677 1183 a
691 1156 809 1193 populo
819 1156 931 1185 delatis
947 1166 1028 1195 prae-

262 1206 364 1233 fertur
379 1205 462 1233 inter
476 1214 568 1242 pares
583 1214 669 1234 sexu.
693 1205 724 1233 ii.
740 1206 768 1240 7,
781 1207 829 1240 18,
844 1207 859 1234 1

224 1255 361 1284 Membri
385 1255 590 1284 conservandi
611 1264 705 1284 causa
726 1256 907 1285 interfectio
928 1256 1026 1288 licita.

265 1304 296 1332 ii.
316 1306 344 1338 1,
360 1304 379 1334 6

225 1354 429 1383 Mendacium
455 1354 662 1392 prohibitum.
694 1355 738 1384 iii.
761 1357 788 1391 1,
803 1355 832 1391 9,
848 1357 875 1392 1,
890 1355 920 1385 &
937 1357 984 1392 10,
996 1357 1026 1385 3.

265 1404 330 1439 Qui
350 1407 495 1432 auctores
517 1404 611 1433 certis
633 1404 755 1433 casibus
778 1406 958 1434 admittant.
983 1406 1027 1436 iii.

234 1480 236 1482 ,
266 1456 294 1490 1,
309 1455 340 1489 9,
355 1456 383 1491 2,
399 1456 428 1490 3,
443 1456 473 1483 4.
514 1453 629 1483 Dicere
651 1458 683 1483 et
705 1455 831 1483 mentiri
847 1456 931 1493 apud
949 1456 1026 1485 Gel-

264 1505 342 1533 lium
365 1504 524 1542 quomodo
548 1504 795 1542 distinguantur.
828 1505 872 1534 iii.
890 1507 917 1543 1,
934 1508 981 1542 10,
997 1507 1024 1535 1.

264 1555 296 1584 A
314 1554 384 1583 Deo
404 1554 551 1583 alienum.
582 1554 625 1583 iii.
643 1556 669 1589 1,
685 1556 734 1589 15,
749 1556 777 1583 1.
820 1556 936 1584 Stricte
959 1556 1026 1584 dic-

267 1607 336 1633 tum
359 1604 446 1642 quid.
477 1604 519 1632 iii.
545 1605 572 1639 1,
588 1606 636 1639 11,
660 1606 687 1633 1.
732 1607 784 1633 An
808 1605 1027 1633 committatur

263 1656 411 1691 respectu
420 1653 563 1689 tertii,ad
573 1663 666 1691 quem
678 1663 781 1682 sermo
794 1663 856 1682 non
867 1654 1024 1692 dirigitur.

270 1703 314 1731 iii.
330 1705 358 1740 1,
376 1705 469 1739 13,1‚
485 1705 502 1731 2

226 1752 394 1788 Mendacii,
409 1762 472 1791 qua
487 1753 632 1782 illicitum
652 1754 850 1790 naturaliter,
870 1754 945 1792 quid
959 1764 1025 1783 ma-

264 1802 384 1831 teriale.
407 1803 451 1832 iii.
467 1804 516 1838 10,
531 1805 559 1832 1.
584 1803 669 1838 Quid
684 1803 826 1832 formale.
851 1804 893 1833 iii.
910 1806 939 1840 1,
951 1806 997 1839 11,
1009 1806 1025 1832 1

223 1851 391 1880 Mendacio
407 1852 477 1891 (de)
494 1855 526 1881 et
540 1853 788 1890 aequivocatione
812 1852 1023 1882 Scholastico-

263 1910 333 1929 rum
349 1902 516 1930 sententia.
537 1901 580 1930 iii.
597 1904 624 1937 1,
641 1903 687 1937 17,
700 1904 719 1930 3

224 1949 425 1979 Mendacium
441 1960 499 1988 pro
514 1950 588 1979 vita.
611 1951 655 1980 iii.
672 1953 699 1986 1,
715 1951 752 1980 16

224 2000 376 2029 Mensura
390 2000 458 2038 ejus
473 2000 557 2038 quod
572 2009 621 2028 res
637 2000 753 2029 valent.
778 2000 808 2029 ii.
826 2001 873 2036 12,
889 2001 926 2028 14

224 2049 355 2078 Mentiri
369 2050 454 2086 apud
469 2050 629 2078 volentem
645 2059 683 2078 an
703 2049 808 2078 liceat.
829 2050 873 2079 iii.
889 2051 916 2085 1,
932 2050 980 2084 14,
994 2050 1022 2078 1.

266 2098 361 2127 Hosti
375 2098 469 2127 licere
483 2099 537 2135 qui
551 2099 719 2128 senserint.
741 2099 783 2128 iii.
802 2100 829 2134 1,
845 2100 892 2134 17,
908 2100 924 2126 1

223 2147 381 2177 Mentitur
404 2148 458 2185 qui
483 2148 558 2177 dicit
579 2148 665 2186 quod
686 2148 800 2177 falsum
824 2151 928 2186 putat,
950 2148 1025 2178 licet

263 2206 371 2225 verum
387 2197 436 2225 sit.
460 2197 503 2227 iii.
520 2199 546 2233 1,
562 2199 608 2233 10,
625 2200 640 2226 1

223 2247 420 2277 Mercatores
441 2247 472 2275 in
496 2247 580 2276 bello
602 2248 642 2276 ab
662 2247 784 2286 injuriis
803 2248 953 2277 vindicari
968 2249 1022 2277 de-

264 2297 353 2325 bent.
375 2296 418 2326 iii.
436 2299 482 2332 11,
498 2298 535 2325 12

224 2345 374 2374 Meritum
391 2355 429 2374 ex
445 2346 545 2375 libera
558 2347 732 2376 voluntate.
755 2347 786 2377 ii.
802 2349 850 2383 21,
865 2349 903 2377 12

224 2394 316 2427 Metu
332 2395 522 2432 promittens
536 2405 576 2424 an
592 2399 748 2426 teneatur.
771 2397 805 2427 ii.
820 2399 870 2433 11,
883 2398 912 2427 7.
938 2398 1024 2432 Quid

262 2444 391 2480 faciens,
406 2445 550 2474 absolute
565 2446 645 2474 velle
660 2446 820 2475 dicendus.
845 2447 879 2476 ii.
894 2449 942 2482 11,
956 2448 984 2482 7,
994 2449 1022 2476 2.

265 2493 400 2522 Causam
416 2494 493 2522 dans
507 2496 683 2524 contractui
699 2497 825 2534 quando
840 2497 880 2526 ad
895 2497 1024 2526 restitu-

264 2543 382 2572 tionem
397 2546 553 2573 teneatur.
577 2545 608 2573 ii.
625 2547 671 2581 13,
688 2547 734 2581 14,
751 2547 766 2574 1

226 2593 349 2622 Metum
365 2593 503 2623 inferens
517 2597 645 2624 tenetur
659 2595 699 2623 ad
716 2596 961 2626 restitutionem.
994 2597 1024 2627 ii.

265 2644 313 2679 11,
329 2642 357 2678 7,
372 2645 390 2672 2

225 2691 333 2720 Metus
347 2701 366 2720 a
379 2692 473 2721 tertio
488 2693 594 2722 illatus
613 2703 652 2722 an
672 2697 777 2723 actum
793 2696 894 2725 vitiet.
928 2697 960 2725 ii.
976 2699 1023 2734 11,

265 2741 295 2774 7,
310 2742 338 2769 3.
381 2742 524 2771 Alterius
538 2752 577 2771 an
593 2744 748 2781 tollatjus
763 2746 897 2774 transire
912 2746 1024 2775 volen-

267 2790 318 2819 tis.
341 2791 374 2820 ii.
396 2793 425 2827 2,
446 2793 495 2827 13,
517 2793 547 2821 4.
589 2793 620 2821 A
646 2793 748 2821 vicino
771 2803 811 2822 an
833 2795 923 2832 justa
949 2796 1025 2824 belli

269 2848 373 2869 causa.
410 2841 443 2870 ii.
459 2843 506 2877 22,
527 2843 556 2877 5,
572 2843 602 2877 1,
622 2842 652 2871 &
675 2845 703 2879 2,
719 2846 746 2880 1,
763 2844 809 2873 17.
855 2845 948 2873 Solus
964 2855 1027 2874 non

267 2889 381 2917 sufficit
394 2891 433 2918 ad
446 2890 500 2927 jus
514 2891 721 2921 interficiendi
735 2893 881 2924 alterum.
902 2895 933 2923 ii.
951 2897 977 2931 1,
992 2896 1022 2933 5,

268 2938 297 2974 1,
312 2938 339 2966 2.
361 2938 514 2977 Exceptio
530 2949 591 2969 non
607 2941 721 2971 liberat
733 2951 752 2971 a
766 2943 918 2981 religione
927 2944 1024 2982 juris-

654 194 821 228 INDEX
851 194 1037 229 RERUM
1066 193 1470 235 PRAEOIPUARUM,

1131 307 1270 346 jurandi.
1292 308 1334 336 iii.
1351 308 1399 344 19,
1409 309 1437 344 4,
1452 309 1481 337 5.
1506 307 1568 342 Qui
1580 316 1638 346 pro
1647 307 1736 346 justo
1745 308 1907 337 habeatur

1135 358 1168 386 in
1183 358 1267 386 bello
1283 358 1422 395 publico.
1443 357 1486 386 iii.
1507 357 1554 393 19,
1570 359 1608 385 12

1095 407 1189 436 Miles
1204 407 1243 436 de
1257 407 1410 436 incendiis
1425 410 1457 436 et
1471 410 1567 445 raptu
1580 407 1647 436 sine
1655 406 1748 445 jussu
1761 405 1905 445 publico,

1134 465 1174 484 an
1190 459 1348 485 teneatur.
1370 456 1416 485 iii.
1430 457 1479 492 14,
1494 456 1513 486 6

1096 506 1237 535 Militare
1250 509 1381 544 propter
1392 506 1541 544 praedam,
1551 507 1606 534 aut
1616 504 1807 543 stipendium
1818 513 1901 543 prae-

1137 555 1230 593 cipue
1244 564 1307 584 non
1321 556 1407 584 licet.
1429 555 1462 584 ii.
1477 556 1527 591 25,
1544 556 1583 584 10

1095 606 1216 636 Milites
1232 606 1405 636 Christiani
1424 606 1483 634 sub
1507 604 1651 636 Juliano.
1680 605 1700 634 i.
1725 606 1754 642 2,
1778 606 1826 641 10,
1851 605 1902 635 11.

1136 656 1202 685 Sub
1224 656 1439 685 Diocletiano.
1471 656 1493 684 i.
1519 657 1547 692 2,
1572 657 1620 691 10,
1645 657 1693 691 11,
1719 657 1748 685 8.
1791 653 1906 684 ἆυᾱωΐ

1135 705 1274 734 externis
1288 705 1479 734 militabant.
1506 705 1527 733 i.
1543 706 1572 740 2,
1586 705 1616 740 7,
1630 705 1657 734 5.
1699 704 1753 733 Ab
1767 703 1900 733 ecclesia

1135 765 1199 784 non
1214 755 1492 784 excommunicati.
1512 754 1532 782 i.
1548 756 1578 790 2,
1593 755 1643 791 10,
1659 755 1687 782 2.
1730 752 1900 788 Quomodo

1134 808 1285 835 tenentur
1299 815 1336 834 ex
1350 805 1435 834 bello
1448 805 1578 843 injusto.
1600 804 1642 832 iii.
1658 805 1708 839 10,
1724 804 1743 831 4

1096 855 1193 884 Militi
1208 864 1278 893 quae
1293 865 1331 884 ex
1346 855 1453 893 praeda
1464 854 1612 883 cederent
1626 853 1711 892 apud
1725 853 1899 883 Romanos.

1135 906 1178 934 iii.
1194 905 1224 940 6,
1240 907 1288 941 24,
1301 906 1320 934 5

1096 956 1214 986 Militia
1231 956 1425 985 mercenaria
1439 955 1506 984 sine
1521 955 1647 984 delectu
1662 963 1764 983 causae
1778 953 1899 991 impro-

1136 1007 1239 1035 batur.
1271 1005 1303 1034 ii.
1328 1007 1376 1042 25,
1401 1006 1448 1034 10.
1493 1005 1727 1034 Poenitentibus
1750 1003 1826 1033 olim
1849 1003 1898 1031 in-

1135 1055 1280 1091 terdicta,
1305 1058 1337 1084 et
1360 1064 1469 1093 quare.
1499 1055 1519 1083 i.
1535 1056 1563 1090 2,
1579 1055 1628 1090 10,
1642 1054 1671 1083 9.
1713 1053 1773 1082 Est
1796 1053 1897 1082 inter-

1135 1106 1220 1134 dicta
1247 1104 1377 1134 clericis.
1412 1104 1489 1134 ibid.
1535 1104 1616 1133 Eam
1645 1103 1778 1133 ecclesia
1803 1105 1897 1132 vetus

1135 1155 1261 1193 p'robat.
1283 1155 1303 1183 i.
1320 1156 1350 1190 2,
1365 1155 1413 1190 10,
1428 1156 1464 1182 11

1095 1205 1221 1234 Militiae
1240 1204 1388 1243 repetitio
1403 1203 1506 1241 qualis
1523 1202 1673 1231 damnata
1692 1201 1818 1240 Synodo
1838 1201 1898 1231 Ni-

1136 1255 1262 1285 caeensi.
1282 1255 1302 1283 i.
1317 1256 1348 1291 2,
1367 1256 1413 1290 10,
1428 1255 1456 1290 7,
1470 1255 1489 1283 8

1095 1307 1244 1336 Militiam
1260 1305 1405 1334 concedit
1428 1304 1585 1342 Origenes
1606 1303 1766 1332 interdum
1787 1302 1897 1333 Chris-

1134 1356 1237 1386 tianis.
1262 1356 1282 1384 i.
1297 1357 1326 1392 2,
1339 1355 1368 1391 9,
1382 1356 1411 1384 2.
1433 1355 1476 1383 Et
1490 1353 1638 1391 capitalia
1651 1352 1807 1391 supplicia
1821 1361 1900 1381 con-

1136 1406 1221 1435 cedit
1248 1406 1309 1434 illis
1344 1405 1571 1434 Tertullianus.
1608 1403 1686 1433 ibid.
1737 1402 1787 1433 Ob
1817 1411 1897 1441 quas

1135 1466 1245 1486 causas
1259 1455 1366 1485 Judaei
1376 1455 1632 1484 detrectaverint.
1653 1455 1673 1483 i.
1684 1455 1712 1489 2,
1720 1453 1750 1490 9,
1759 1455 1788 1483 3.
1810 1453 1899 1488 Quas

1135 1508 1175 1536 ob
1196 1516 1305 1535 causas
1329 1506 1402 1534 olim
1429 1505 1523 1534 etiam
1550 1504 1722 1534 Christiani
1747 1512 1816 1533 eam
1841 1503 1897 1531 de-

1134 1555 1350 1585 trectaverint.
1373 1554 1449 1583 ibid.

1095 1606 1208 1636 Militis
1224 1605 1396 1634 Christiani
1411 1604 1558 1633 officium.
1580 1603 1600 1632 i.
1615 1605 1645 1639 2,
1661 1604 1709 1638 10,
1724 1603 1762 1631 12

1095 1656 1252 1686 Militibus
1274 1656 1367 1684 datus
1389 1657 1584 1683 commeatus
1607 1653 1738 1691 prodest
1760 1654 1792 1682 et
1812 1650 1896 1680 duci.

1132 1706 1176 1734 iii.
1192 1708 1240 1742 21,
1256 1708 1284 1742 1,
1300 1707 1319 1735 5

1093 1756 1234 1784 Militum
1251 1755 1376 1784 nomine
1390 1754 1444 1793 qui
1457 1753 1599 1784 veniant.
1619 1752 1697 1783 ibid.

1094 1805 1246 1834 Minervae
1261 1805 1412 1834 calculus.
1433 1805 1464 1834 ii.
1479 1806 1509 1840 5,
1525 1806 1562 1834 18

1094 1855 1201 1884 Minor
1223 1855 1313 1883 annis
1337 1854 1420 1883 hosti
1445 1854 1617 1892 obligatur.
1647 1853 1691 1883 iii.
1706 1854 1753 1889 21,
1768 1854 1798 1882 3.
1840 1852 1895 1883 An

1132 1904 1349 1942 promittendo
1364 1903 1536 1941 obligetur.
1558 1903 1592 1933 ii.
1608 1905 1655 1940 11,
1668 1905 1698 1941 5,
1714 1905 1733 1932 2

1093 1954 1311 1983 Misericordia
1338 1954 1427 1992 digni
1452 1953 1506 1992 qui
1528 1953 1613 1983 bello
1635 1954 1816 1992 capiuntur.
1849 1952 1894 1982 iii.

1134 2006 1181 2040 14,
1196 2006 1225 2041 2,
1242 2007 1258 2033 1

1093 2054 1318 2083 Misericordiae
1338 2063 1393 2083 ara
1418 2055 1504 2092 apud
1531 2054 1754 2084 Athenienses.
1788 2053 1820 2083 ii.
1843 2055 1894 2091 21,

1131 2104 1159 2138 5,
1172 2104 1191 2131 2

1093 2152 1226 2181 Missilia
1240 2153 1399 2191 quomodo
1413 2153 1499 2191 fiantff
1508 2154 1711 2192 capientium.
1747 2153 1790 2182 iii.
1806 2153 1835 2189 6,
1850 2153 1889 2181 22

1092 2202 1127 2230 M
1130 2202 1228 2231 obiles
1249 2212 1299 2231 res
1318 2203 1445 2241 quando
1459 2202 1539 2232 fiant
1552 2203 1750 2241 singulorum
1765 2202 1894 2240 capien-

1130 2252 1222 2282 tium.
1254 2252 1298 2280 iii.
1314 2252 1343 2287 6,
1361 2254 1398 2281 12

1091 2301 1224 2330 Mobilia
1237 2302 1429 2339 generaliter
1442 2301 1636 2339 postliminio
1651 2310 1715 2330 non
1734 2301 1893 2340 recipiun-

1130 2354 1193 2380 tur.
1229 2352 1272 2380 iii.
1288 2352 1316 2388 9,
1333 2353 1380 2387 14,
1395 2354 1412 2380 1

1091 2401 1269 2430 Moderatio
1283 2401 1316 2429 in
1331 2401 1405 2430 belli
1411 2401 1485 2439 jure
1498 2400 1581 2430 circa
1594 2409 1759 2439 personas.
1784 2401 1828 2431 iii.
1844 2402 1894 2438 11,

1130 2451 1157 2486 7,
1170 2452 1186 2479 1

1091 2500 1181 2528 Modi
1198 2501 1333 2529 habendi
1347 2500 1515 2539 imperium
1529 2501 1593 2539 qui.
1626 2501 1647 2530 i.
1664 2502 1694 2539 3,
1710 2503 1758 2538 11,
1773 2502 1790 2530 1

1091 2550 1208 2579 Modus
1221 2550 1254 2578 in
1270 2560 1365 2588 poena
1382 2551 1465 2579 unde
1480 2551 1647 2588 petendus.
1678 2551 1710 2580 ii.
1728 2552 1776 2588 20,
1786 2553 1825 2581 28

1091 2599 1314 2629 Monomaehia
1333 2600 1452 2629 bellum
1473 2600 1563 2629 finire
1583 2609 1624 2629 an
1644 2600 1749 2631 liceat.
1783 2601 1827 2631 iii.
1842 2602 1892 2638 20,

1130 2651 1178 2685 43,
1195 2651 1222 2686 1,
1233 2651 1262 2686 2,
1275 2651 1295 2678 4

1091 2699 1323 2728 Monomachiae
1344 2699 1383 2728 de
1403 2707 1503 2738 regno
1525 2699 1595 2738 quis
1612 2699 1754 2730 effectus.
1784 2699 1828 2729 iii.
1842 2700 1892 2737 20,

1129 2750 1178 2785 44,
1193 2748 1220 2778 δι
1235 2751 1285 2786 45,
1302 2751 1318 2777 1

1090 2798 1277 2836 Monopolia
1290 2808 1360 2836 quae
1377 2799 1473 2835 licita,
1489 2808 1560 2837 quae
1573 2802 1684 2829 contra
1696 2799 1760 2838 jus,
1775 2802 1807 2829 et
1820 2809 1891 2838 quae

1131 2851 1242 2877 contra
1254 2849 1429 2877 caritatem.
1451 2848 1497 2887 [ii.
1513 2850 1560 2885 12,
1575 2849 1614 2880 16

1091 2897 1320 2936 Monopolium.
1360 2897 1435 2927 Vide
1449 2898 1607 2929 Coemtio.
1627 2898 1660 2928 ii.
1677 2900 1708 2935 2,
1723 2900 1763 2928 24

1091 2948 1211 2977 Morari
1225 2948 1257 2977 in
1272 2948 1432 2978 territorio
1446 2948 1549 2978 alieno
1563 2957 1603 2978 an
1618 2948 1750 2978 licitum.
1771 2947 1840 2984 ii.2,
1852 2947 1891 2977 15
