1971 3326
177 223 262 263 414

213 343 373 374 validioris
395 343 507 373 multo.
536 343 568 373 ii.
591 344 641 379 24,
664 343 692 373 7.
736 340 978 380 Suscipiendum

214 404 253 424 ex
275 394 464 423 necessitate
488 396 545 422 aut
568 392 740 422 occasione.
770 392 801 420 ii.
825 392 873 427 24,
897 391 925 426 7,
947 390 976 420 9.

217 445 310 474 Pacis
331 454 426 473 causa
446 443 631 482 gerendum.
664 443 683 472 i.
704 445 731 478 1,
753 444 788 477 13
815 441 857 469 iii.
880 441 928 476 25,
949 441 978 469 2.

215 494 330 524 Statim
344 494 411 532 geri
422 496 527 532 potest
538 495 575 522 ut
586 492 739 521 indictum
751 494 808 519 est.
831 490 873 519 iii.
889 491 917 525 3,
929 491 977 519 13.

214 545 374 584 Injustum
388 544 442 582 qui
456 543 565 582 gessit,
580 545 666 571 recte
680 541 720 570 ad
740 541 898 578 impensas
913 539 976 568 sol-

213 596 330 625 vendas
344 595 478 633 cogitur.
501 593 545 622 iii.
560 594 607 628 13,
623 594 650 621 3.
693 591 783 620 Pacis
806 599 909 619 causa.
933 590 975 620 iii.

213 647 261 682 15,
274 647 305 680 2,
322 647 349 674 1.
392 643 474 673 Belli
489 641 747 680 causaejustificae
762 641 879 669 debent
895 641 977 678 pub-

213 695 312 724 licari.
327 694 360 724 ii.
375 693 424 729 26,
438 694 469 730 4,
483 694 511 722 5.
554 692 737 721 Efficientes
752 699 865 726 causae,
886 690 974 728 prin-

213 745 341 784 cipales,
357 744 555 783 adjuvantes,
570 741 840 771 instrumentales.
863 741 883 770 i.
899 742 930 777 5,
946 743 974 771 1.

215 795 320 825 Causa
335 794 434 832 justa,
456 793 572 832 injuria
593 793 669 822 sola.
692 792 722 821 ii.
743 794 772 828 1,
791 793 821 828 1,
836 792 864 821 4.
907 791 976 821 De-

210 845 312 875 fensio
326 845 410 881 vitae,
424 845 455 874 ii.
473 846 503 879 1,
518 845 546 873 3.
592 843 704 873 Causae
719 843 802 872 Belli
816 842 975 879 suasoriae,

212 899 244 926 et
253 896 411 935 justificas,
434 898 466 925 et
480 895 638 934 principia
652 894 747 931 illiuS,
764 894 794 923 ii.
811 895 839 932 1,
855 896 886 927 1,
902 895 929 929 1,
944 895 973 922 2.

213 946 330 984 Injusti
344 945 474 975 effectus
490 944 609 983 injusti.
631 944 674 973 iii.
692 946 739 980 10,
753 945 782 974 3.
826 943 976 973 Vindicta

210 996 340 1025 modum
355 995 506 1024 excedere
527 1004 591 1023 non
613 994 717 1023 debet.
754 993 796 1023 iii.
819 995 868 1028 11,
891 995 919 1029 1,
944 995 974 1024 2.

210 1047 284 1076 Non
303 1046 386 1085 justi
411 1054 512 1074 causae
533 1047 668 1083 possunt
690 1053 757 1073 esse
782 1043 973 1081 probabileS.

209 1097 253 1126 iii.
275 1098 322 1133 11,
338 1097 413 1130 6,1.
453 1095 535 1124 Jure
557 1095 687 1133 quinam
715 1094 816 1123 occidi
838 1094 971 1132 possint.

214 1147 291 1177 Vide
307 1146 460 1176 Occidere
476 1148 508 1175 et
523 1145 645 1174 Occidi.

169 1199 253 1229 Belli
279 1198 491 1228 denunciandi
516 1196 673 1226 formulae.
694 1195 738 1226 iii.
755 1197 786 1230 3,
808 1196 834 1226 7.
881 1196 974 1225 Circa

208 1249 292 1280 Belli
313 1248 519 1278 indictionem
533 1247 682 1276 instituta
698 1247 810 1276 civilia.
832 1247 877 1277 iii.
892 1248 921 1283 3,
935 1248 965 1276 8.

152 1301 161 1306 “
209 1299 301 1329 Bello
313 1308 377 1327 non
387 1298 506 1327 indicto
515 1306 555 1326 an
571 1300 665 1335 capta
680 1296 872 1335 capientium
882 1297 972 1327 fiant.

208 1350 252 1380 iii.
264 1351 295 1386 3,
307 1351 344 1378 12

169 1401 262 1431 Bello
277 1402 371 1438 capta
388 1398 460 1437 jure
482 1398 627 1437 gentium
643 1397 860 1435 acquiruntur.
882 1397 925 1426 iii.
943 1397 972 1434 6,

211 1452 240 1487 2,
255 1451 285 1487 1,
299 1451 327 1479 3.
371 1449 471 1487 Cujus
481 1448 554 1486 jure
569 1448 638 1485 ipso
653 1447 798 1486 gentium
813 1447 901 1477 fiant.
926 1447 972 1477 iii.

208 1501 236 1538 6,
258 1502 287 1537 2,
311 1499 338 1529 δῦ
361 1501 389 1530 7.
433 1498 637 1538 Singulorum
652 1498 720 1527 fieri
734 1498 884 1536 frequens
899 1507 972 1527 sen-

208 1550 320 1580 tentia.
342 1549 385 1578 iii.
401 1549 428 1586 6,
444 1551 473 1586 8,
487 1550 506 1580 9

169 1600 333 1631 Bellorum
369 1599 505 1628 civilium
540 1598 723 1634 crudelitas,
751 1598 793 1627 iii.
822 1598 851 1635 7,
881 1597 911 1634 5,
939 1597 969 1626 3.

207 1650 299 1681 Bello
322 1650 440 1688 injusto
464 1652 559 1688 capta
581 1658 622 1678 an
645 1648 844 1678 restituenda
866 1648 906 1676 ab
934 1656 971 1676 eo

207 1702 262 1740 qui
276 1702 372 1740 cepit.
392 1701 435 1729 iii.
453 1702 500 1737 10,
523 1702 552 1736 3,
572 1700 601 1730 5.
647 1699 690 1729 Et
713 1708 753 1728 an
774 1697 972 1728 restituenda

206 1753 247 1782 ab
261 1762 298 1782 eo
314 1753 368 1790 qui
382 1752 514 1781 detinet.
536 1752 582 1782 iii.
598 1752 645 1787 10,
661 1751 688 1787 6,
705 1752 733 1779 1.
777 1750 859 1779 Cum
877 1749 970 1778 resti-

205 1806 351 1839 tuuntur,
367 1812 407 1832 an
424 1802 500 1841 quid
516 1802 639 1831 detrahi
655 1801 766 1839 possit.
788 1801 830 1829 iii.
843 1802 891 1836 10,
901 1800 929 1836 6,
941 1801 971 1830 2.

207 1853 240 1882 Si
255 1856 421 1882 consumta
437 1852 510 1888 sint,
528 1853 620 1880 bonae
638 1851 711 1880 fidei
731 1859 893 1889 possessor
906 1859 970 1879 non

204 1903 357 1932 restituit.
378 1903 421 1931 iii.
440 1904 488 1938 10,
503 1902 530 1938 6,
546 1904 564 1930 2

166 1953 258 1983 Bello
274 1953 355 1982 civili
370 1961 420 1981 res
431 1951 590 1990 quomodo
605 1951 820 1988 acquirantur.
836 1950 878 1979 iii.
890 1950 918 1985 6,
930 1950 967 1980 27

175 2021 254 2028 —-
273 2011 336 2031 non
351 2001 484 2031 solemni
505 2010 555 2030 res
576 2000 735 2039 quomodo
751 2000 966 2038 acquirantur.

205 2052 248 2082 iii.
261 2052 291 2087 6,
306 2052 343 2082 27

175 2121 255 2128 .--
275 2102 408 2140 quaesita
432 2100 576 2140 quaedam
601 2099 700 2138 Regis
722 2098 852 2138 propria
874 2098 967 2128 fiunt.

205 2152 224 2180 i.
240 2153 270 2187 3,
287 2153 334 2187 12,
348 2152 368 2180 3

275 2200 394 2238 injusto
408 2202 569 2229 extortum
586 2201 697 2228 secuta
710 2207 789 2236 pace
803 2207 844 2226 an
865 2198 968 2237 repeti

205 2250 317 2289 possit.
338 2250 370 2278 ii.
388 2250 436 2285 17,
451 2250 489 2279 19

176 2319 257 2328 .-.
278 2299 349 2338 (ex)
371 2298 601 2337 irregularitas.
623 2297 655 2327 ii.
671 2299 718 2335 24,
733 2299 772 2328 10

276 2349 340 2389 (in)
363 2358 433 2387 quae
448 2348 520 2386 capi
541 2350 573 2377 et
593 2357 657 2377 non
672 2347 743 2386 capi
762 2350 903 2386 possunt.
925 2347 967 2378 iii.

206 2402 254 2435 13,
269 2401 297 2436 2,
312 2401 341 2435 3,
354 2400 374 2427 4

166 2449 329 2479 Bellorum
344 2448 437 2477 mala.
460 2447 493 2478 ii.
507 2448 556 2483 24,
571 2448 619 2483 10,
636 2448 663 2476 1.
687 2447 751 2476 Pro
766 2446 877 2476 alienis
892 2447 966 2476 sub-

206 2500 280 2528 ditis
307 2503 527 2537 susceptorum
555 2497 710 2536 exempla.
744 2497 777 2527 ii.
803 2499 852 2534 25,
878 2499 908 2534 8,
938 2496 967 2526 δῦ

207 2558 277 2587 cap.
294 2550 343 2586 20,
357 2550 408 2585 40,
423 2550 451 2579 2.

166 2599 260 2628 Bella
277 2598 412 2636 publica,
434 2598 501 2627 sine
523 2606 628 2635 causa,
651 2596 779 2636 injusta.
801 2596 833 2625 ii.
849 2597 877 2633 1,
892 2597 921 2633 1,
935 2598 966 2626 3.

206 2649 269 2678 Pro
284 2649 353 2678 aliis
367 2658 424 2687 per
439 2651 584 2677 naturam
606 2648 694 2676 licita
715 2650 748 2676 et
770 2647 915 2686 probata.
944 2647 966 2677 i.

206 2699 237 2733 5,
252 2700 282 2734 2,
296 2700 323 2728 1.
366 2698 457 2727 Bello
471 2707 511 2726 an
526 2697 594 2735 peti
607 2697 730 2735 possint
748 2699 967 2735 persecutores

208 2747 448 2777 christianismi.
470 2748 502 2778 ii.
517 2749 567 2783 20,
582 2738 632 2781 49,
647 2749 676 2777 2.
705 2747 798 2777 Bella
812 2747 880 2776 sine
894 2747 967 2776 unis

207 2799 319 2834 causis,
338 2799 458 2828 feritas.
489 2799 519 2828 ii.
544 2799 593 2835 22,
620 2800 650 2827 2.
691 2799 746 2828 Ex
769 2798 870 2828 causis
894 2807 967 2828 sua-

207 2847 309 2882 soriis,
331 2857 394 2876 non
411 2848 568 2885 justificis,
593 2848 793 2887 praedatoria.
824 2848 857 2878 ii.
871 2849 921 2884 22,
936 2849 966 2878 3.

207 2895 261 2925 An
276 2896 473 2933 suscipienda
487 2898 527 2926 ob
547 2898 662 2927 delicta
682 2898 712 2926 in
734 2897 849 2926 Deum.
870 2897 901 2927 ii.
916 2899 965 2934 20,

209 2946 259 2979 44,
274 2944 303 2974 1.
343 2945 406 2973 Pro
428 2946 561 2975 subditis
571 2947 661 2984 justa
682 2949 715 2976 et
733 2956 774 2975 an
789 2947 965 2976 necessario

207 2993 416 3032 suscipienda.
446 2994 478 3023 ii.
494 2995 542 3030 25,
558 2997 587 3031 1,
601 2997 632 3025 2.
675 2996 726 3024 Ob
748 2996 833 3025 leves
856 3005 965 3025 causas

600 226 769 261 INDEX
798 224 984 260 RERUM
1013 224 1130 259 PRAE
1136 221 1417 265 CIPUARUM,

1090 338 1212 368 vitiosa.
1232 338 1266 368 ii.
1282 339 1332 373 24,
1349 339 1376 375 1,
1391 339 1420 367 2.
1464 336 1563 367 Justa
1577 338 1652 368 ante
1673 337 1808 368 Mosem.
1828 337 1850 368 i.

1085 390 1114 425 2,
1128 390 1158 424 2,
1178 390 1206 417 1.
1248 388 1344 417 ,Iusta
1366 387 1466 416 Mosis
1487 390 1579 416 extra
1602 396 1714 416 causas
1735 396 1754 416 a
1778 387 1850 416 Deo

1082 438 1197 476 jussas.
1219 436 1295 467 ibid.
1334 437 1486 476 Improba
1501 437 1710 466 Hebraeorum
1724 439 1850 475 postre-

1086 488 1146 516 mis
1167 487 1374 526 temporibus.
1407 486 1427 516 i.
1451 488 1480 523 2,
1502 487 1532 523 8,
1558 487 1605 517 16.
1649 486 1701 516 Ob
1725 486 1851 524 legatos

1086 538 1230 568 violatos.
1254 538 1285 567 ii.
1309 539 1356 573 18,
1378 539 1425 566 11.
1471 538 1523 567 Ob
1547 537 1745 576 sepeliendos
1765 545 1852 565 mor-

1086 591 1168 617 tuos.
1193 588 1224 616 ii.
1242 588 1289 624 19,
1303 588 1332 623 5,
1346 587 1376 616 5.
1421 586 1473 616 Ob
1496 596 1634 625 poenam.
1655 586 1687 615 ii.
1703 588 1755 623 20,
1768 587 1816 623 38,
1832 587 1849 615 1

1046 639 1207 669 Beneficia
1221 639 1374 677 principis
1388 648 1428 668 an
1450 639 1566 668 durent
1587 640 1662 676 post
1682 637 1749 676 ejus
1764 646 1852 666 mor-

1085 692 1160 718 tem.
1182 689 1216 719 ii.
1232 690 1280 724 14,
1295 690 1343 718 13.
1385 687 1570 726 Principum
1591 696 1633 716 an
1655 695 1780 725 semper
1799 695 1849 716 re-

1083 739 1190 768 vocari
1210 739 1343 778 possint.
1365 738 1443 768 ibid.
1484 738 1612 776 Regum
1641 736 1850 775 quotuplicia.

1085 789 1162 818 ibid.
1205 789 1359 824 Quaedam
1373 787 1493 827 ignotis
1510 787 1688 817 tribuenda.
1708 786 1741 816 ii.
1755 787 1804 824 15,
1819 786 1850 823 9,

1084 840 1113 867 2.
1155 838 1261 867 Etiam
1281 838 1372 866 malis
1394 838 1512 866 debent
1535 836 1719 866 Christiani.
1748 835 1780 865 ii.
1798 836 1848 874 15,

1086 889 1133 925 10,
1155 890 1184 917 1.
1219 888 1388 917 Beneficiis
1411 886 1476 928 (in)
1504 886 1704 916 conferendis
1727 886 1848 925 gradus

1084 937 1281 967 observandi.
1304 937 1380 966 ibid.

1044 987 1331 1026 Benjaminitarum
1361 995 1433 1016 cum
1457 986 1572 1016 ceteris
1594 985 1748 1016 Israelitis
1770 994 1847 1015 con-

1084 1037 1246 1066 troversia.
1268 1037 1300 1066 ii.
1316 1038 1364 1074 13,
1379 1037 1399 1066 5

1044 1090 1161 1120 Bestiae
1185 1089 1332 1119 dominus
1347 1098 1387 1118 an
1408 1098 1445 1119 ex
1463 1089 1549 1118 facto
1563 1088 1673 1118 bestiae
1687 1090 1847 1119 teneatur.

1082 1141 1116 1171 ii.
1132 1142 1180 1177 12,
1196 1142 1233 1169 21

1043 1190 1168 1220 Bonum
1185 1189 1381 1229 (publicum)
1396 1189 1520 1228 privato
1534 1188 1795 1228 praehabendum.
1824 1189 1846 1219 i.

1081 1242 1113 1276 4,
1128 1242 1156 1277 4,
1170 1242 1190 1269 4

1042 1290 1134 1321 Bona
1161 1291 1246 1320 avita
1273 1290 1304 1319 in
1333 1289 1531 1319 successione
1559 1288 1800 1326 distinguuntur
1827 1297 1847 1317 a

1082 1342 1206 1370 noviter
1226 1341 1378 1380 quaesitiS.
1409 1341 1442 1370 ii.
1465 1341 1495 1376 7,
1515 1340 1545 1375 9,
1566 1341 1595 1376 1,
1617 1338 1644 1368 δι’
1661 1341 1709 1368 10.
1730 1339 1846 1377 quibus

1081 1392 1268 1421 naturaliter
1279 1391 1390 1420 relicta
1404 1393 1603 1420 censeantur.
1625 1389 1656 1418 ii.
1672 1391 1700 1426 7,
1714 1389 1746 1420 9.
1776 1389 1845 1418 No-

1080 1442 1162 1471 viter
1177 1442 1310 1481 quaesita
1324 1440 1512 1470 naturaliter
1520 1440 1693 1469 creduntur
1701 1438 1845 1477 proximo

1081 1491 1203 1521 relicta.
1225 1491 1256 1521 ii.
1272 1491 1300 1527 7,
1316 1492 1365 1528 10,
1379 1492 1408 1525 1,
1421 1492 1449 1520 2.
1491 1490 1684 1528 Legatorum
1707 1498 1747 1517 an
1768 1498 1844 1527 pos-

1083 1541 1148 1570 sint
1163 1550 1221 1579 pro
1237 1540 1344 1569 debito
1360 1539 1440 1578 capi.
1461 1539 1494 1568 ii.
1511 1540 1558 1575 18,
1571 1539 1600 1569 9.
1636 1538 1844 1568 Subditorum

1078 1601 1117 1620 ex
1143 1592 1228 1620 facto
1257 1590 1456 1629 superiorum
1490 1590 1675 1628 obligantur
1703 1598 1742 1618 ex
1769 1589 1844 1627 jure

1080 1641 1239 1679 gentium.
1267 1640 1311 1669 iii.
1335 1642 1363 1677 2,
1386 1641 1416 1676 2,
1440 1641 1469 1674 1,
1494 1640 1525 1669 3.
1576 1639 1656 1668 sure
1682 1637 1765 1667 civili
1787 1640 1844 1668 aut

1075 1691 1149 1730 jure
1170 1690 1315 1729 gentium
1339 1689 1471 1728 quaesita
1494 1698 1585 1727 aeque
1607 1688 1787 1718 alienantur
1809 1688 1843 1718 in

1080 1751 1169 1780 pace.
1191 1742 1223 1771 ii.
1239 1742 1287 1776 14,
1301 1742 1338 1777 83
1359 1741 1402 1772 iii.
1417 1742 1466 1778 20,
1481 1740 1501 1771 9

1042 1791 1246 1827 Βουλευτική
1261 1801 1332 1830 quae
1346 1790 1527 1821 Aristoteli.
1549 1790 1569 1820 ἰ.
1584 1791 1613 1827 3,
1628 1790 1656 1826 6,
1671 1791 1691 1819 2

1039 1842 1274 1871 Brabantorum
1290 1842 1342 1871 lex
1365 1844 1477 1871 contra
1500 1840 1617 1870 liberos
1635 1849 1674 1870 ex
1695 1839 1842 1869 secundis

1077 1892 1208 1930 nuptiis.
1231 1892 1263 1921 ii.
1280 1893 1310 1930 7,
1325 1893 1354 1928 8,
1368 1893 1387 1921 2

1038 1941 1182 1971 Brasidae
1197 1942 1329 1972 dictum.
1351 1942 1386 1972 ii.
1400 1941 1451 1976 16,
1466 1941 1486 1971 6

1418 2062 1457 2093 C.

1038 2145 1075 2176 C.
1100 2145 1233 2175 Caesaris
1253 2145 1374 2175 bellum
1393 2144 1426 2174 in
1446 2144 1642 2174 Ariovistum
1663 2144 1766 2183 quale.
1796 2144 1842 2175 iii.

1076 2198 1105 2233 3,
1120 2198 1159 2226 10

1038 2246 1204 2276 Cananaeis
1231 2255 1264 2275 se
1291 2246 1482 2275 dedentibus
1507 2254 1638 2284 parcere
1664 2247 1840 2284 potuerunt

1076 2297 1241 2326 Israelitae.
1262 2296 1306 2325 iii.
1321 2298 1369 2332 13,
1383 2297 1411 2331 3,
1426 2298 1446 2324 4

1038 2346 1185 2376 Canones
1200 2346 1277 2384 quid
1291 2346 1487 2375 constituant
1508 2345 1592 2374 circa
1605 2345 1839 2383 populationes.

1076 2397 1119 2427 iii.
1146 2398 1194 2433 12,
1216 2398 1246 2431 4,
1267 2397 1298 2426 4.
1338 2396 1389 2425 De
1416 2395 1513 2425 servis
1540 2396 1699 2434 quomodo
1720 2395 1839 2426 intelli-

1076 2447 1187 2485 gendi.
1206 2446 1251 2475 iii.
1266 2446 1297 2484 7,
1311 2446 1341 2482 6,
1354 2447 1374 2476 5

1039 2496 1162 2535 Capere
1174 2497 1259 2526 bello
1280 2497 1439 2535 quomodo
1464 2496 1505 2525 sit
1527 2499 1639 2526 eontra
1660 2496 1835 2526 caritatem.

1077 2546 1119 2576 iii.
1135 2548 1182 2583 13,
1205 2548 1236 2583 4,
1258 2548 1289 2576 1.
1330 2546 1484 2575 Homines
1511 2545 1544 2574 in
1570 2546 1655 2575 bello
1680 2547 1838 2584 quatenus

1076 2596 1181 2625 liceat.
1205 2595 1250 2626 iii.
1265 2596 1312 2632 14,
1327 2597 1354 2631 1,
1370 2597 1387 2624 1

1038 2647 1203 2686 Capienda
1224 2655 1287 2675 non
1311 2648 1386 2675 sunt
1405 2646 1490 2675 bona
1502 2644 1729 2681 innocentium,
1753 2643 1780 2673 si
1797 2653 1837 2674 ex

1076 2698 1272 2728 debitoribus
1286 2696 1513 2735 principalibus
1526 2698 1671 2725 nostrum
1685 2694 1836 2733 consequi

1075 2756 1254 2787 possumus.
1275 2746 1319 2775 iii.
1335 2747 1384 2782 13,
1396 2748 1426 2782 4,
1439 2747 1459 2775 3

1038 2798 1154 2836 Capita
1166 2805 1282 2826 rerum.
1304 2795 1347 2825 iii.
1364 2797 1414 2832 11,
1427 2796 1458 2833 5,
1473 2796 1502 2832 1,
1515 2793 1544 2824 &
1559 2794 1588 2831 6,
1602 2796 1619 2824 1

1037 2847 1196 2886 Capitalia
1221 2846 1365 2885 quaedam
1395 2845 1511 2875 delicta
1535 2847 1609 2883 post
1635 2843 1835 2883 evangelium

1073 2897 1290 2937 praedicatum.
1310 2895 1332 2925 i.
1347 2897 1377 2934 2,
1392 2896 1422 2932 7,
1436 2896 1476 2925 13

1035 2946 1199 2986 Capitales
1219 2945 1417 2984 cognitiones
1438 2953 1496 2976 cur
1518 2944 1700 2984 defugerint
1723 2943 1834 2975 Chris-

1072 2996 1162 3026 tiani.
1182 2996 1204 3026 i.
1218 2997 1247 3033 2,
1261 2996 1290 3033 9,
1304 2996 1324 3026 4
