1971 3326
680 181 744 217 AC
774 180 1075 216 VERBORUM.

38 297 140 328 Morae
161 299 312 339 purgatio
334 299 366 329 in
391 310 470 340 pace
494 310 534 331 an
559 301 767 330 admittenda.
798 300 843 330 iii.

80 350 128 385 20,
143 350 182 379 35

38 397 174 427 Moralia
188 407 252 428 non
267 399 445 430 consistunt
459 401 491 429 in
507 403 639 439 puncto.
661 400 684 429 i,
699 401 727 436 2,
742 401 770 436 1,
784 401 804 429 3

39 447 209 476 Moralium
224 448 416 479 incertitudo
431 451 526 479 unde.
549 450 581 480 ii.
597 452 648 486 23,
664 452 680 478 1

39 496 123 525 Mori
140 498 283 527 Hebraeis
299 499 416 529 dimitti
430 503 569 529 vocatur.
593 500 625 529 ii.
641 499 690 534 19,
704 499 733 535 5,
745 499 765 527 3

39 545 147 575 Mores
166 549 331 585 generales
351 549 383 577 in
407 549 513 587 aliqua
530 552 621 587 parte
646 548 755 577 mundi
777 556 841 576 non

75 596 260 634 faciuntjus
274 601 405 627 naturae.
427 599 458 627 ii.
474 600 521 634 20,
536 600 574 626 41

40 645 129 674 Mors
153 646 406 684 deportationem
429 648 556 686 quando
581 647 838 686 comprehendat.

79 695 112 725 ii.
134 695 182 732 16,
200 695 229 726 9.
273 696 336 725 Pro
360 706 435 725 vera
456 697 610 735 religione
631 696 743 735 quanti
762 696 841 725 saci-

81 745 174 774 enda.
217 745 237 774 i.
253 747 282 782 4,
296 746 325 782 7,
340 747 378 774 15

41 793 180 823 Mortem
208 796 276 833 pati
308 796 414 833 potius
446 805 542 834 quam
575 796 672 825 alium
707 795 842 831 occidas,

81 845 208 881 quando
229 845 335 879 liceat,
360 846 488 883 quando
513 854 587 874 non.
609 846 641 875 ii.
663 847 691 881 1,
713 847 741 882 8,
763 846 791 881 9,
813 847 842 874 1.

81 892 252 922 AEternam
275 895 472 932 aggressoris
496 904 536 924 an
561 895 632 933 quis
659 904 716 924 sua
741 899 844 925 morte

82 951 193 972 cavere
208 944 332 973 debeat.
355 944 376 973 i.
391 946 420 980 3,
431 946 459 981 3,
475 947 494 974 3

42 990 158 1021 Mortis
177 1002 268 1022 casus
282 994 442 1032 expressio
457 994 584 1032 quando
600 995 791 1024 extendatur
804 994 845 1024 ad

83 1050 188 1070 casum
200 1052 262 1071 non
278 1044 354 1072 nati.
379 1043 410 1072 ii.
428 1043 532 1079 16,20,
548 1045 567 1072 3

43 1087 125 1117 Muli
140 1089 194 1127 qui
212 1090 298 1127 apud
318 1090 480 1119 Romanos
499 1090 693 1128 postliminio
711 1091 842 1129 recepti.

84 1137 126 1167 iii.
143 1139 173 1174 9,
187 1141 235 1174 14,
249 1141 265 1167 1

44 1186 217 1217 Mulierum
239 1189 371 1227 imperia
392 1189 545 1219 Romanis
568 1190 740 1229 incognita.
764 1190 795 1218 ii.
816 1190 846 1226 9,

84 1238 131 1273 11,
145 1238 164 1266 2

45 1286 247 1318 Multitudini
264 1289 359 1318 etiam
381 1289 413 1318 in
432 1290 548 1319 delicto
571 1291 776 1328 parcendum.
799 1292 843 1321 iii.

86 1338 133 1374 11,
149 1338 186 1368 19

46 1387 265 1426 Mundiburgii
276 1388 342 1427 jus.
364 1389 385 1420 i.
399 1391 428 1426 3,
443 1392 492 1427 21,
507 1392 523 1419 1

45 1434 190 1463 Murenae
207 1437 420 1465 controversia
439 1446 509 1466 curn
530 1437 727 1474 Mithridate,
747 1437 780 1467 ii.
796 1438 845 1476 16,

84 1485 123 1513 30

46 1532 132 1562 Muri
155 1534 291 1563 faciendi
312 1535 483 1573 prohibitio
505 1538 631 1575 quando
651 1538 691 1566 ad
712 1547 847 1576 aggeres

86 1583 287 1612 extendatur.
310 1583 341 1612 ii.
359 1584 406 1620 16,
420 1586 469 1620 20,
484 1587 503 1614 3

47 1631 143 1661 Mutii
158 1633 306 1662 Scaevolae
317 1634 448 1663 factum.
470 1635 512 1663 iii.
530 1636 560 1671 4,
577 1637 623 1672 18,
639 1638 655 1665 1

48 1680 217 1710 Mutilator
231 1683 306 1720 quid
325 1684 491 1712 restituere
505 1687 664 1714 teneatur.
686 1685 717 1714 ii.
735 1686 782 1721 17,
797 1687 835 1715 14

48 1730 200 1759 Mutuum
215 1733 391 1769 gratuitum
404 1742 466 1770 quo
481 1743 586 1763 sensu.
614 1733 689 1763 Vide
704 1734 817 1763 Usura.

48 1781 196 1810 Mutuam
214 1781 370 1819 accipiens
385 1782 550 1819 pecuniam
571 1792 590 1811 a
611 1783 753 1812 debitore
767 1793 850 1819 meo,

90 1827 165 1856 mihi
180 1831 317 1859 tenetur.
338 1829 371 1858 ii.
387 1830 435 1865 10,
451 1830 479 1865 2,
493 1829 512 1859 9

428 1962 470 1993 N.

51 2037 184 2067 Nabidis
212 2038 425 2067 controversia
451 2047 522 2067 cum
550 2037 713 2066 Romanis.
754 2036 787 2066 ii.
804 2036 851 2073 16,

90 2089 138 2124 18,
154 2090 169 2116 1

53 2137 120 2166 Ναὶ
135 2137 187 2167 ναὶ
201 2138 288 2176 quid.
308 2139 342 2168 ii.
357 2139 405 2174 13,
419 2140 467 2173 21,
479 2140 498 2166 2

53 2184 122 2213 Ναὶ
136 2185 211 2222 quid
221 2184 386 2223 significet.
408 2185 486 2214 ibid.

54 2232 121 2262 Nat
136 2233 198 2269 ναὶ,
213 2234 250 2262 οὓ
264 2234 309 2270 οὓ,
325 2234 400 2272 quid
415 2233 580 2271 significet.
603 2232 691 2267 ii.13,
701 2232 748 2266 21,
764 2232 792 2266 2,
804 2232 823 2259 3

54 2279 131 2309 Nati
145 2280 312 2317 (nondum)
327 2290 366 2309 an
381 2281 436 2318 jus
450 2289 541 2309 suum
553 2279 715 2311 amittant,
729 2280 762 2306 et
772 2286 851 2314 quo-

93 2330 199 2359 modo.
221 2330 255 2359 ii.
277 2331 308 2364 4,
330 2331 377 2366 10,
398 2332 425 2365 1,
445 2331 474 2358 2.
514 2329 617 2366 Leges
641 2330 775 2365 possunt
799 2335 852 2354 eo-

94 2387 164 2408 rum
175 2379 230 2417 jus
250 2389 448 2409 conservare.
469 2379 498 2408 ii.
513 2381 542 2415 4,
554 2380 600 2414 10,
614 2379 634 2407 3

55 2428 223 2467 Naturale,
237 2439 307 2465 vox,
321 2438 380 2467 pro
395 2429 488 2458 solito
503 2428 582 2457 fieri.
604 2428 635 2456 ii.
648 2428 695 2462 12,
709 2426 757 2462 26,
770 2428 788 2454 2

56 2478 227 2507 Naturales
240 2477 297 2506 filii
312 2478 486 2506 succedunt
500 2476 594 2514 patri,
607 2476 666 2504 nisi
687 2476 738 2503 lex
753 2475 854 2512 impe-

96 2527 179 2556 diat:
201 2529 234 2555 et
252 2526 397 2564 adoptari
416 2528 561 2563 possunt.
582 2524 613 2554 ii.
631 2525 659 2560 7,
673 2525 703 2558 8,
720 2526 750 2553 2.
782 2524 855 2552 Non

96 2577 270 2607 succedunt
289 2576 321 2604 in
343 2576 451 2614 regnis
473 2585 492 2605 a
513 2576 633 2613 populo
656 2573 782 2603 delatis.
821 2574 855 2604 ii.

96 2629 125 2664 7,
141 2626 179 2656 16

57 2675 226 2707 Naturalia
237 2683 295 2713 pro
310 2676 397 2703 certo
411 2676 511 2704 statu.
531 2674 562 2702 ii.
577 2675 606 2709 8,
620 2675 639 2703 5

57 2727 190 2757 Naturae
205 2724 307 2762 prima
321 2726 354 2752 et
368 2722 595 2760 consequentia
610 2723 704 2760 quae?
731 2721 751 2751 i.
766 2724 794 2758 2,
806 2724 843 2751 11

59 2774 258 2806 Naturaliter
271 2772 358 2801 licita
369 2781 408 2801 an
424 2772 529 2801 omnia
542 2771 638 2800 etiam
653 2771 738 2808 apud
753 2771 857 2800 Deum

99 2825 198 2854 licita.
219 2823 251 2851 ii.
269 2824 296 2858 1,
311 2823 361 2856 10,
378 2823 394 2850 1

60 2875 297 2912 Naufragorum
312 2873 396 2902 bona
416 2871 585 2900 confiscare
603 2871 765 2910 injustum.
786 2870 818 2901 ii.
831 2871 860 2907 7,

63 2960 66 2963 .
99 2927 130 2962 1,
145 2927 161 2953 1

1634 170 1717 209 429

911 299 1018 329 Naves
1040 301 1141 337 capta}
1164 299 1290 338 quando
1311 298 1384 337 jure
1411 297 1486 328 belli
1515 297 1713 326 censeantur.

951 349 996 378 iii.
1022 348 1050 385 6,
1070 350 1099 384 3,
1123 351 1152 379 2.
1195 349 1289 378 Nunc
1310 349 1405 377 nullae
1427 347 1621 386 postliminio
1642 345 1715 374 red-

952 401 1039 427 eunt.
1061 398 1104 427 iii.
1119 398 1148 434 9,
1165 400 1202 427 15

912 448 1090 486 Navigandi
1106 449 1235 478 libertas
1256 448 1357 487 pactis
1378 446 1522 477 imminui
1542 448 1659 484 potest.
1681 444 1714 474 ii.

950 500 978 534 3,
996 500 1043 535 12,
1061 498 1089 527 ἃ
1108 500 1154 534 15,
1172 501 1201 535 1,
1217 500 1235 527 2

911 547 1017 584 Navis,
1038 558 1109 586 quae
1136 548 1221 586 apud
1252 548 1413 577 Romanas
1442 545 1636 585 postliminio
1663 552 1717 572 re-

950 600 1053 635 cepta.
1077 597 1120 625 iii.
1138 598 1166 633 9,
1182 599 1231 633 14,
1251 599 1279 626 1.
1321 597 1353 625 Si
1374 596 1425 625 cui
1447 595 1567 632 nocuit,
1593 603 1633 622 an
1657 593 1716 621 do-

955 646 1059 675 minus
1080 649 1240 675 teneatur.
1264 646 1294 674 ii.
1318 646 1367 680 17,
1382 647 1430 680 21,
1447 647 1474 673 1.
1518 645 1555 672 In
1577 652 1640 681 qua
1664 642 1716 670 in-

950 699 1102 725 nocentes
1121 700 1195 725 sunt
1216 705 1256 725 an
1275 696 1342 734 peti
1356 694 1524 724 tormentis
1538 693 1649 732 possit.
1672 692 1717 723 iii.

951 747 979 781 1,
994 747 1054 779 4,1

911 793 1096 823 Necessaria
1109 795 1148 823 ad
1160 794 1254 823 finem
1269 794 1391 822 licitum
1403 793 1500 821 licita.
1522 792 1564 821 iii.
1581 793 1608 828 1,
1621 793 1648 827 2,
1665 793 1681 820 1

912 843 1092 872 Necessitas
1115 847 1248 881 excepta
1269 844 1394 872 videtur
1415 843 1446 870 in
1469 843 1541 879 lege
1570 841 1713 870 dominii.

952 893 982 921 ii.
998 895 1026 929 2,
1042 893 1071 928 6,
1092 895 1119 929 1,
1140 895 1168 922 2.
1209 893 1269 922 Jus
1286 902 1348 921 non
1369 893 1433 928 dat,
1454 892 1479 920 si
1494 892 1534 920 sit
1549 891 1714 920 evitabilis.

952 943 983 971 ii.
1001 944 1028 978 2,
1044 943 1078 980 7;
1101 943 1143 971 iii.
1156 943 1203 979 17,
1217 945 1244 972 l.
1289 942 1384 978 Quod
1395 942 1445 980 jus
1459 942 1513 970 det
1527 941 1559 969 in
1574 944 1715 979 pacatos,

953 992 994 1021 iii.
1011 993 1060 1026 17,
1077 994 1094 1021 1

915 1040 1114 1070 Necessitate
1126 1043 1253 1079 pactum
1264 1050 1373 1079 pacem
1385 1050 1448 1069 non
1459 1039 1591 1078 rumpit.
1612 1038 1656 1068 iii.
1668 1039 1717 1073 20,

953 1092 1002 1120 37.
1046 1090 1119 1118 Pari
1141 1099 1303 1128 possessor
1326 1089 1551 1127 praeferendus.
1580 1087 1611 1117 ii.
1637 1089 1665 1123 2,
1686 1088 1715 1116 8.

953 1139 1027 1177 (In)
1058 1149 1121 1168 non
1148 1140 1233 1169 ultra
1261 1139 1450 1168 sumendum
1478 1147 1574 1176 quam
1606 1137 1715 1175 exigit.

954 1191 996 1221 iii.
1014 1193 1061 1227 17,
1077 1193 1093 1220 1

915 1241 1090 1279 Neglectus
1104 1241 1256 1279 puniendi
1272 1241 1432 1279 punibiliS.
1454 1241 1484 1272 ii.
1499 1242 1545 1277 21,
1561 1242 1591 1276 2,
1605 1241 1624 1269 5

915 1291 1087 1328 Negotium
1108 1290 1244 1319 alienum
1256 1299 1371 1328 gerens
1386 1291 1433 1318 sui
1447 1290 1527 1318 lucri
1546 1299 1651 1325 causa,
1665 1299 1718 1318 re-

953 1340 1034 1377 petit
1055 1339 1222 1377 impensas,
1235 1339 1266 1367 in
1290 1343 1444 1377 quantum
1465 1339 1547 1368 alter
1566 1342 1614 1368 est
1628 1340 1717 1368 locu-

954 1388 1082 1427 pletior.
1122 1388 1155 1417 ii.
1172 1390 1219 1424 10,
1233 1389 1262 1424 9,
1277 1390 1295 1417 2

915 1439 1024 1476 Nepos
1039 1448 1076 1467 ex
1091 1438 1156 1466 filio
1175 1439 1281 1476 priore
1302 1447 1342 1466 an
1361 1438 1425 1467 filio
1446 1438 1613 1476 posteriori
1634 1447 1717 1476 prae-

954 1488 1103 1516 ferendus
1130 1487 1162 1516 in
1190 1497 1300 1525 regno.
1324 1487 1355 1516 ii.
1381 1489 1409 1523 7,
1424 1489 1472 1523 30,
1495 1490 1521 1517 1.
1562 1488 1613 1516 Ex
1638 1488 1717 1524 filio,

954 1547 994 1566 an
1006 1537 1078 1565 filiae
1092 1537 1317 1575 praeferendus.
1338 1538 1369 1566 ii.
1388 1539 1416 1575 7,
1430 1539 1479 1575 30,
1495 1539 1524 1573 1,
1538 1539 1567 1567 2.
1610 1538 1719 1566 Minor

955 1587 1007 1615 lex
1028 1587 1092 1615 filio
1121 1596 1161 1616 an
1185 1588 1373 1625 praeferatur
1400 1588 1509 1625 nepoti
1540 1587 1653 1625 majori
1678 1595 1717 1616 ex

956 1637 1021 1665 filia
1034 1636 1066 1664 in
1081 1636 1172 1674 regni
1188 1637 1394 1666 successione.
1416 1637 1447 1665 ii.
1464 1637 1493 1672 7,
1506 1638 1545 1666 34

916 1686 1032 1723 Neptis
1047 1695 1086 1714 ex
1105 1686 1319 1723 primogenito
1333 1695 1372 1714 an
1394 1686 1494 1715 filium
1508 1686 1645 1716 alterum
1661 1695 1716 1715 ex-

956 1735 1075 1764 cludat.
1096 1735 1127 1763 ii.
1144 1736 1172 1770 7,
1187 1737 1226 1764 35

917 1783 1020 1812 Ninus
1035 1784 1155 1821 primus
1168 1784 1335 1822 imperium
1350 1785 1524 1823 ampliavit.
1548 1785 1591 1815 iii.
1607 1786 1635 1822 8,
1652 1786 1681 1822 1,
1698 1787 1717 1814 2

917 1833 1078 1862 Nocentes
1092 1835 1227 1863 dedendi
1241 1838 1297 1863 aut
1311 1836 1473 1873 puniendi.
1495 1836 1527 1864 ii.
1539 1837 1587 1871 21,
1600 1838 1629 1872 4,
1648 1839 1676 1872 1,
1688 1838 1708 1865 3

916 1883 1151 1912 Nocumentum
1167 1884 1252 1922 quod
1268 1894 1306 1912 ex
1327 1884 1491 1913 occasione
1505 1885 1637 1922 peccati,
1653 1895 1717 1914 non

957 1934 997 1962 ob
1022 1937 1186 1971 peccatum
1212 1934 1360 1968 sentitur,
1381 1943 1476 1972 poena
1500 1935 1628 1973 proprie
1653 1944 1718 1964 non

958 1985 1014 2011 est.
1036 1982 1069 2011 ii.
1085 1984 1133 2019 21,
1145 1985 1192 2018 11,
1207 1984 1223 2011 1

918 2032 1116 2061 Nocentibus
1129 2042 1213 2070 saepe
1227 2033 1419 2070 parcendum
1437 2034 1477 2062 ob
1492 2033 1609 2063 multos
1625 2034 1719 2063 inno-

957 2085 1076 2111 centes.
1099 2082 1142 2111 iii.
1158 2084 1187 2119 1,
1203 2084 1231 2118 4,
1246 2084 1286 2119 33
1307 2082 1349 2111 iii.
1367 2084 1414 2119 11,
1428 2083 1460 2120 9,
1475 2085 1492 2112 1

919 2131 1057 2161 Nomina
1077 2132 1244 2170 regionum
1265 2132 1298 2161 in
1321 2141 1398 2170 pace
1421 2133 1580 2171 quomodo
1603 2133 1720 2172 accipi-

958 2181 1048 2210 enda.
1068 2181 1112 2210 iii.
1128 2182 1176 2217 20,
1188 2183 1226 2210 23

918 2229 1071 2258 Nostrum
1087 2231 1201 2268 quibus
1215 2240 1253 2259 ex
1269 2230 1369 2260 causis
1378 2231 1454 2269 quid
1466 2232 1598 2262 dicatur.
1620 2233 1652 2262 ii.
1662 2235 1689 2268 2,
1702 2235 1718 2262 l

920 2278 1045 2307 Notitia
1059 2279 1098 2308 de
1113 2280 1183 2308 Deo
1198 2280 1282 2317 quod
1297 2280 1530 2318 inconspicuuS.
1551 2282 1586 2311 ii.
1601 2283 1648 2317 20,
1667 2284 1718 2318 45,

960 2330 988 2357 1.
1031 2329 1114 2358 Uno.
1129 2329 1204 2358 ibid.
1249 2329 1294 2357 Ut
1313 2330 1474 2359 omniscio.
1499 2330 1576 2359 ibid.
1616 2331 1661 2360 Et
1684 2334 1721 2360 ut

960 2380 1113 2406 creatore.
1137 2378 1168 2406 ii.
1185 2379 1232 2413 20,
1247 2379 1295 2413 45,
1309 2379 1328 2405 2

921 2426 1052 2455 Notitiae
1067 2426 1176 2455 activae
1191 2427 1230 2455 de
1244 2427 1326 2456 Deo.
1348 2426 1379 2456 ii.
1394 2427 1444 2464 20,
1459 2427 1507 2462 45,
1521 2429 1550 2456 3.
1587 2428 1637 2456 De
1649 2428 1721 2458 Deo

961 2476 1120 2513 quomodo
1145 2476 1332 2513 probentur.
1357 2476 1434 2505 ibid.
1478 2476 1558 2511 Quae
1584 2478 1721 2507 maxime

961 2525 1163 2554 universales.
1190 2525 1223 2554 ii.
1247 2526 1296 2561 20,
1317 2525 1366 2561 46,
1395 2527 1423 2554 1.
1467 2525 1668 2557 Obliteratae.
1688 2527 1721 2558 ii.

961 2576 1009 2610 20,
1024 2575 1072 2610 47,
1087 2576 1116 2602 1.
1151 2574 1194 2603 Et
1209 2574 1328 2611 quales.
1350 2574 1381 2603 ii.
1397 2576 1445 2610 20,
1460 2575 1508 2610 45,
1520 2578 1536 2603 1

923 2623 1063 2652 Noxales
1078 2623 1219 2652 actiones
1234 2632 1272 2652 ex
1288 2632 1350 2660 quo
1360 2623 1443 2661 jure.
1464 2623 1495 2653 ii.
1513 2625 1559 2661 17,
1574 2625 1623 2661 20,
1636 2626 1656 2653 2

1307 2749 1347 2778 O.

927 2820 1118 2850 obedientia
1144 2829 1228 2858 saepe
1255 2820 1374 2851 illicita.
1397 2821 1428 2851 ii.
1451 2821 1499 2859 26,
1523 2824 1552 2860 3,
1576 2824 1612 2861 13
1648 2823 1670 2852 i.
1693 2826 1723 2861 4,

965 2872 981 2899 1
1007 2871 1027 2899 3

927 2893 1073 2957 obligari
1088 2919 1275 2948 naturaliter
1292 2919 1362 2957 quis
1377 2922 1456 2958 quot
1470 2921 1572 2949 modis
1586 2921 1721 2950 dicatur.
