1971 3326
88 1047 227 1072 Plutarch.
242 1046 274 1071 in

88 1080 140 1102 Sol.
156 1085 179 1109 p.
194 1078 232 1101 82.

87 1109 148 1134 Lib.
158 1108 288 1136 xv.v.327.

89 1328 155 1353 Luc.
172 1328 263 1352 Philo-

85 1360 182 1390 pseud.
197 1366 242 1389 pp.

88 1391 144 1419 326,
157 1390 213 1416 327.

91 1429 159 1459 Cyri
171 1429 233 1452 inst.
247 1428 264 1452 i.

89 1460 112 1483 6.
127 1461 151 1483 a!
161 1460 193 1483 ‹le
204 1465 235 1482 re

89 1491 187 1520 equest.
201 1496 223 1513 c.
236 1490 259 1512 5.

89 1527 118 1544 n.
133 1521 156 1544 9.

90 1550 150 1574 Lib.
165 1557 189 1573 v.
203 1557 225 1574 c.
239 1550 264 1574 9.

91 1581 164 1604 I'lut.
175 1581 280 1611 Apoph.

91 1618 117 1641 p.
133 1612 187 1635 209.

92 1642 189 1672 Polyb.
201 1641 238 1665 ix.
252 1642 276 1665 2.

90 1688 150 1714 Lib.
164 1694 190 1713 V.
202 1695 228 1713 v.
239 1689 291 1713 100.

93 1869 147 1893 Vir.
162 1869 284 1894 Marcell.

91 1906 117 1930 p.
130 1900 174 1924 311
184 1905 211 1923 B.

304 182 358 221 14⁴
652 184 907 227 QUANTUM
936 184 994 218 IN
1023 182 1189 218 BELLO
1219 180 1415 223 LICEAT,
1588 177 1685 222 [Lm.
1705 175 1774 211 111.

303 297 362 340 Et
385 295 556 339 Pindari
580 301 642 338 est
667 295 906 350 (Istlmziczc.
933 307 989 335 IV.
1018 293 1118 347 82):

710 372 782 420 Χρὴ
815 373 852 407 δὲ
882 374 949 408 πᾶν
980 371 1037 415 ἕρ-

709 430 798 466 δοντ’
829 430 1030 475 ἀμαυρῶσαι
1054 428 1113 462 τὸν
1137 426 1273 472 ἐχθρόν.

712 499 866 540 Quidvis
887 497 1031 543 agendo
1053 495 1194 531 scilicet
1214 494 1359 529 hostica

707 555 880 590 Delenda
900 555 954 589 vis
975 557 1042 588 est.

305 625 437 682 Apud
459 622 682 680 Virgilium
710 618 913 676 [AEneid.
939 619 979 661 ii.
1006 634 1044 661 v.
1072 616 1181 674 300]
1209 630 1372 673 quoque
1396 615 1550 658 dictum
1575 615 1689 666 illud,

592 702 712 737 Dolus
733 712 781 736 an
802 701 918 736 virtus
938 699 1018 745 quis
1040 699 1079 732 in
1099 698 1207 732 hoste
1226 696 1420 742 requirat?

305 769 491 827 sequitur
512 769 600 825 ipse

828 834 1008 880 Ripheus,
1025 832 1249 879 justissimus
1271 841 1366 865 unus

598 895 670 937 Qui
690 894 763 929 fuit
784 893 822 927 in
843 892 997 927 Teucris
1018 894 1056 926 et
1077 888 1373 925 servantissimus
1394 886 1502 933 aequi.

307 969 364 1011 Et
398 967 552 1026 legitur
581 967 659 1008 hoc
682 966 815 1022 ipsum
852 963 1035 1006 imitatus
1070 960 1282 1017 sapientiae
1313 958 1476 1001 nomine
1508 956 1783 999 nobilissimus

311 1035 449 1078 Solon.
523 1033 646 1075 Silius
669 1032 711 1074 in
735 1032 859 1073 rebus
886 1029 1004 1071 Fabii
1030 1026 1230 1069 Maximi:

768 1111 864 1145 Exin
886 1108 1015 1143 virtuti
1035 1107 1177 1154 placuit
1199 1106 1316 1140 dolus.

407 1183 433 1222 2
481 1178 604 1236 Apud
634 1178 862 1220 Homerum
886 1174 1061 1231 Ulysses
1086 1172 1165 1214 viri
1190 1170 1386 1227 sapientis
1419 1169 1667 1226 exemplum,
1692 1168 1780 1226 ple-

309 1262 385 1289 nus
408 1246 560 1302 ubique
583 1243 788 1286 fraudium
807 1242 849 1283 in
873 1242 1058 1282 hostem:
1084 1238 1194 1281 unde
1220 1236 1425 1279 Lucianus
1446 1236 1634 1293 regulam
1659 1235 1781 1285 elicit,

309 1313 432 1356 laude
468 1313 614 1369 dignos
639 1310 708 1366 qui
740 1310 900 1350 hostem
929 1306 1089 1348 fallunt.
1153 1304 1269 1346 Nihil
1293 1302 1433 1345 utilius
1467 1301 1509 1343 in
1540 1302 1646 1344 bello
1680 1301 1783 1344 dolis

311 1380 544 1435 Xenophon
579 1377 697 1426 dixit,
735 1381 777 1417 et
822 1372 1020 1416 Brasidas
1054 1372 1166 1429 apud
1205 1369 1495 1426 Thucydidem
1539 1368 1783 1424 praeclaram

310 1445 508 1502 imprimis
542 1443 706 1486 laudem
737 1456 825 1483 esse
857 1455 908 1482 ex
942 1435 1067 1481 ¹¹belli
1103 1437 1250 1481 furtis:
1289 1442 1331 1478 et
1366 1435 1477 1491 apud
1513 1435 1784 1477 Plutarchum

312 1512 529 1569 Agesilaus
553 1511 692 1552 hostes
717 1507 906 1563 decipere
935 1512 977 1548 et
994 1505 1151 1561 justum
1177 1509 1219 1545 et
1241 1502 1396 1545 licitum
1422 1516 1526 1543 esse.
1569 1501 1781 1558 Polybius,

310 1593 403 1634 quae
428 1577 467 1620 vi
491 1577 594 1619 fiunt
617 1575 659 1617 in
683 1575 789 1617 bello
809 1572 977 1614 minoris
1001 1570 1218 1620 censenda,
1239 1583 1362 1624 quam
1385 1582 1477 1623 quae
1497 1582 1549 1609 ex
1573 1567 1783 1609 occasione

312 1650 354 1687 et
378 1644 497 1687 dolo:
523 1649 565 1685 et
587 1657 638 1684 ex
662 1656 709 1683 eo
736 1639 859 1681 Silius
883 1637 1108 1681 Corvinum
1132 1637 1188 1678 sic
1211 1634 1367 1677 inducit
1386 1635 1650 1690 loquentem:

531 1716 771 1758 iBellandum
791 1724 847 1755 est
868 1723 970 1754 astu:
1005 1719 1122 1754 levior
1142 1718 1222 1752 laus
1242 1717 1282 1750 in
1302 1716 1397 1750 duce
1418 1715 1561 1750 dextra.

310 1791 449 1846 Atque
477 1790 537 1832 ita
568 1787 771 1830 censuisse
804 1785 912 1841 ipsos
942 1784 1032 1826 illos
1063 1797 1229 1826 severos
1256 1783 1443 1823 Laconas
1471 1785 1589 1822 notat
1617 1779 1781 1821 Plutar-

309 1859 422 1906 chus,
455 1870 503 1897 ac
526 1854 723 1910 majorem
753 1851 876 1894 etiam
901 1850 1107 1893 victimam
1137 1850 1190 1891 ab
1214 1863 1261 1890 eo
1285 1846 1550 1896 immolatam,
1577 1846 1649 1902 qui
1673 1846 1780 1895 dolo,

308 1977 330 1998 Ι.
352 1976 432 1996 vers.
445 1966 512 2001 295,
527 1965 595 1995 296.
638 1964 746 1992 Habet
762 1964 884 1991 Auctor
902 1971 918 1990 e
938 1962 1011 1990 Sto-
1078 1961 1151 1996 tius,
1163 1968 1256 1998 quem
1272 1959 1349 1987 citat
1366 1958 1501 1987 Servius.
1533 1956 1630 1995 [Vide
1642 1956 1783 1985 Nonium

308 2020 388 2054 baeo,
411 2019 509 2047 Serm.
527 2025 586 2044 Lu.
601 2024 676 2053 pag.
692 2014 763 2043 365.
776 2012 829 2040 ubi
845 2011 1012 2048 Antigono
1080 2009 1278 2044 Marcellum,
1292 2017 1369 2037 voce
1381 2008 1527 2044 Furtum,
1541 2016 1615 2045 pag.
1625 2007 1695 2036 310.
1718 2006 1784 2036 Ed.

308 2068 470 2099 tribuitur.
512 2066 548 2096 J.
564 2066 606 2095 B.
1080 2057 1234 2096 DIercer.]

368 2118 382 2140 ¹¹
405 2114 617 2156 Bellifurtis]
633 2116 685 2143 lta
700 2116 731 2143 et
743 2112 898 2151 Virgilius
908 2110 1012 2149 loqui·
1139 2107 1146 2128 ἱ
1167 2107 1358 2137 Βοῖἶαηᾱιιηι
1376 2110 1421 2135 est
1440 2105 1525 2144 astu]
1550 2105 1785 2135 Muhammedis

310 2173 364 2200 tur
379 2168 533 2198 AEneiclos
550 2175 599 2196 XI.
625 2166 724 2204 (vers,
738 2163 816 2200 515)
839 2165 872 2192 et
894 2161 1014 2191 Sallus-
1081 2158 1200 2187 dictum
1224 2157 1345 2186 simile:
1377 2157 1508 2186 elharbu
1529 2156 1719 2193 IIudz'atum,
1750 2156 1787 2186 id

311 2357 484 2384 common
505 2343 687 2390 question.
730 2342 766 2376 It
787 2341 816 2376 is
833 2338 1005 2374 assumed
1026 2338 1107 2372 that
1127 2337 1157 2372 it
1176 2337 1217 2377 is,
1237 2336 1287 2382 by
1307 2335 1460 2376 Homer,
1480 2333 1632 2375 Pindar‚
1652 2332 1785 2379 virgil,

314 2405 441 2445 Solon,
461 2402 584 2437 Silius.
634 2399 724 2443 [See
746 2399 810 2433 the
831 2407 1002 2444 passages
1024 2392 1194 2440 quoted]

383 2466 404 2495 2
434 2460 586 2505 Ulysses
604 2458 642 2491 in
664 2457 816 2497 Homer,
836 2455 900 2489 the
921 2452 1090 2498 example
1113 2451 1155 2486 of
1171 2462 1193 2485 a
1213 2450 1298 2484 wise
1319 2460 1417 2490 man,
1437 2449 1467 2483 is
1487 2447 1558 2482 full
1581 2447 1624 2482 of
1649 2450 1784 2482 strata-

312 2529 415 2565 gems
443 2516 601 2552 towards
627 2514 691 2549 the
715 2524 868 2559 enemy3
893 2511 967 2545 and
992 2510 1134 2544 Lucian
1151 2508 1290 2554 praises
1312 2507 1418 2541 those
1442 2505 1525 2540 who
1545 2504 1695 2539 deceive
1719 2503 1785 2539 the

313 2587 458 2621 enemy.
505 2571 719 2618 Xenophon
747 2571 827 2606 said
848 2569 930 2604 that
951 2569 989 2602 in
1008 2578 1083 2601 war
1103 2565 1262 2610 nothing
1282 2575 1354 2598 was
1376 2575 1416 2598 so
1437 2562 1560 2598 useful
1580 2573 1619 2596 as
1641 2561 1784 2602 deceit;

312 2644 353 2669 so
373 2634 412 2666 in
429 2630 677 2676 Thucydides,
695 2627 866 2662 Brasidas
881 2639 890 2667 3
915 2625 989 2660 and
1005 2625 1043 2658 in
1060 2622 1251 2662 Plutarch,
1271 2621 1474 2667 Agesilaus.
1513 2619 1693 2665 Polybius
1710 2618 1785 2652 and

314 2690 426 2725 Silius
444 2700 508 2734 say
528 2687 610 2722 that
630 2687 668 2720 in
686 2697 760 2720 war
786 2684 897 2719 fraud
918 2684 948 2717 is
968 2683 1092 2716 better
1113 2680 1204 2715 than
1224 2679 1350 2720 force;
1375 2689 1415 2713 so
1437 2677 1501 2712 the
1522 2687 1649 2712 severe
1669 2676 1784 2709 Lace-

314 2746 541 2781 daemonians
560 2743 730 2789 thought,
748 2753 786 2777 as
803 2739 983 2776 Plutarch
1001 2750 1103 2785 says:
1131 2737 1205 2771 and
1222 2747 1262 2772 so
1280 2736 1328 2770 he
1341 2735 1481 2782 praises
1501 2732 1694 2780 Lysander
1709 2731 1784 2766 and

313 2803 570 2848 Philopemcu.
634 2801 683 2835 So
705 2799 933 2834 Ammianus.

392 2863 412 2894 3
444 2858 524 2893 The
548 2859 695 2892 Roman
722 2857 858 2892 Jurists
885 2854 955 2889 call
984 2854 1013 2888 it
1041 2852 1139 2898 good
1160 2851 1282 2887 deceit
1314 2844 1438 2897 (bonus
1467 2841 1583 2894 dolus)
1613 2845 1731 2880 which
1761 2856 1784 2880 a

314 2929 401 2953 man
426 2916 603 2962 praetises
625 2915 769 2960 against
785 2925 833 2948 an
852 2923 996 2958 enemy,
1019 2910 1093 2945 and
1110 2921 1174 2955 say
1195 2909 1278 2944 that
1304 2908 1334 2942 it
1355 2905 1481 2940 makes
1506 2915 1555 2939 no
1583 2904 1783 2938 difference

314 2974 481 3010 whether
498 2984 570 3019 any
584 2982 654 3007 one
668 2971 778 3006 elude
798 2970 862 3006 the
877 2980 1011 3015 enemy
1022 2968 1072 3015 by
1087 2967 1190 3002 force
1208 2977 1251 3001 or
1266 2965 1316 3012 by
1331 2963 1453 2999 fraud.
1488 2962 1538 2997 So
1549 2959 1779 2997 Eustathius.
