1971 3326
758 386 786 449 I
824 387 877 449 N
911 387 967 450 D
1004 389 1054 451 E
1093 389 1147 451 X

148 542 432 600 RERUM
478 546 1098 613 PRAECIPUARUM,
1149 550 1243 604 AC
1296 550 1752 615 VERBORUM,

463 700 585 741 QUAE
617 701 676 736 IN
705 701 810 737 HOC
843 701 1012 738 OPERE
1045 702 1429 741 CONTINENTUR.

108 941 207 971 Prior
226 950 369 971 numerus
387 941 515 977 librum,
538 941 619 971 alter
633 944 741 980 caput,
764 943 874 972 tertius
890 945 1138 983 paragraphum,
1157 946 1297 985 reliquus
1310 956 1382 976 vero
1397 947 1640 978 subdivisionem
1657 959 1785 988 paragr.

198 992 262 1021 nisi
283 991 311 1022 &
336 992 552 1031 interpositum
575 993 626 1029 sit,
651 996 723 1023 tunc
747 994 826 1024 enim
845 994 863 1033 ξ
892 995 993 1033 ipsum
1013 999 1111 1035 notat,
1135 1000 1240 1027 annot.
1265 1001 1431 1037 annotata,
1452 999 1536 1037 prol.
1558 1000 1787 1039 prolegomena

195 1043 352 1073 denotant.

486 1266 528 1296 A.

102 1335 282 1367 Anmcmu
296 1346 431 1376 regnum
445 1348 486 1367 an
500 1339 611 1377 possit.
653 1339 684 1369 ii.
701 1339 729 1375 7,
744 1339 783 1369 26

101 1387 264 1417 Abdicato
278 1388 343 1417 filio
357 1398 397 1417 an
414 1389 491 1428 quid
507 1390 673 1419 debeatur.
714 1390 746 1419 ii.
762 1390 790 1426 7,
806 1389 823 1419 7

101 1437 221 1467 Abitus
234 1441 324 1468 tutus
339 1440 498 1477 quomodo
513 1443 667 1469 sumatur.
709 1440 751 1469 iii.
767 1442 815 1476 21,
832 1439 870 1470 16

102 1488 306 1518 Abrahamus
319 1489 404 1518 bello
418 1489 539 1528 adjuvit
554 1492 722 1519 extraneos
737 1499 755 1518 a
769 1489 840 1520 fide.
875 1489 907 1520 ii.

142 1539 192 1575 15,
205 1539 233 1575 9,
248 1539 268 1569 6

101 1589 305 1620 Abrahamus
318 1600 369 1620 res
383 1591 515 1621 hostiles
529 1591 589 1621 sibi
603 1591 775 1630 acquisitas
784 1590 909 1630 judicat

142 1642 175 1669 et
189 1640 324 1670 dedicat.
366 1641 409 1671 iii.
424 1641 452 1677 6,
469 1643 497 1678 1,
512 1643 529 1669 1

101 1689 281 1719 Abrahami
293 1690 351 1718 filii
365 1700 402 1719 ex
417 1691 559 1720 Cethura
567 1699 630 1719 non
645 1691 825 1720 habuerunt
834 1700 908 1729 par-

141 1741 208 1768 tem
224 1739 421 1770 hereditatis.
461 1740 494 1769 ii.
505 1740 534 1776 7,
548 1741 577 1776 8,
591 1742 611 1769 3

103 1788 267 1819 Absentes
290 1798 330 1818 an
358 1792 484 1827 partem
511 1789 628 1827 praedae
655 1789 770 1819 ferant.
811 1790 854 1819 iii.
878 1790 907 1826 6,

142 1838 191 1874 17,
204 1839 224 1868 5

103 1888 296 1918 Absentium
307 1888 361 1927 jus
376 1889 587 1927 praesentibus
601 1888 763 1918 accrescit.
787 1889 818 1918 ii.
831 1889 859 1925 5,
869 1890 908 1919 20

102 1937 280 1968 Absolvere
295 1947 352 1967 cur
373 1938 474 1967 satius
495 1947 590 1977 quam
611 1939 832 1968 condemnare.
874 1939 906 1969 ii.

142 1989 190 2025 23,
204 1988 234 2025 5,
251 1989 268 2016 1

101 2037 274 2067 Absolutio
288 2045 307 2066 a
316 2036 511 2075 juramento,
526 2038 610 2067 unde
631 2037 693 2067 vim
707 2038 832 2069 habeat.
874 2039 905 2069 ii.

142 2089 191 2124 13,
205 2088 254 2123 20,
269 2089 288 2116 2

103 2138 317 2168 Abstinentiae
332 2137 364 2167 in
384 2138 452 2167 solo
468 2141 654 2177 pacatorum
674 2139 829 2177 exempla.
864 2139 906 2169 iii.

143 2188 191 2224 17,
206 2189 226 2216 2

103 2237 255 2268 Absurda
268 2246 362 2266 nemo
377 2237 553 2266 credendus
568 2240 617 2266 est
630 2237 721 2267 velle.
763 2237 794 2266 ii.
808 2237 855 2274 16,
870 2239 908 2267 22

103 2287 274 2318 Absurdus
294 2287 486 2323 intellectus,
508 2286 664 2316 vitandus.
710 2286 741 2316 ii.
758 2287 808 2324 16,
828 2289 857 2323 2,
879 2286 907 2317 &n

141 2339 172 2374 5,
191 2336 218 2366 ὅτι
234 2337 254 2368 6

101 2386 293 2424 Acceptatio
308 2395 367 2424 pro
381 2386 482 2416 altero
497 2386 583 2416 facta
597 2385 674 2424 quid
689 2388 849 2424 operetur.
874 2386 907 2417 ii.

142 2437 193 2471 11,
209 2437 256 2472 14,
272 2434 300 2464 δι
315 2436 352 2465 17

102 2485 294 2524 Acceptatio
310 2494 350 2514 an
365 2486 544 2523 praecedere
558 2486 783 2516 alienationem
796 2487 905 2524 possit.

143 2536 174 2566 ii.
190 2535 219 2572 6,
231 2537 250 2564 2

103 2585 305 2616 Accessionis
316 2585 370 2624 jus
384 2585 487 2623 quale.
530 2585 561 2615 ii.
577 2587 605 2621 8,
621 2586 670 2622 11,
684 2587 716 2615 et
730 2595 818 2626 seqq.

103 2635 218 2674 Accipi
238 2635 311 2673 plus
324 2637 434 2673 potest
454 2643 548 2672 quam
572 2635 658 2672 quod
683 2639 827 2666 nostrum
849 2640 907 2674 est,

142 2685 198 2714 sed
212 2685 270 2713 sub
285 2693 381 2714 onere
394 2683 585 2713 restituendi
599 2685 685 2722 quod
700 2686 835 2717 excedit.
863 2687 906 2716 111.

143 2736 171 2770 1,
185 2735 214 2770 4,
225 2736 242 2763 1

103 2784 265 2814 Accusare
297 2792 337 2812 an
364 2783 546 2813 Christiano
573 2784 749 2815 conveniat.

143 2834 191 2870 15,
207 2833 245 2864 16

103 2884 317 2914 Accusatores
327 2893 366 2914 ex
377 2884 479 2915 officio
490 2884 618 2923 publico
624 2885 774 2916 constitui
785 2885 906 2917 melius.

145 2933 176 2963 ii.
191 2934 239 2969 20,
254 2933 292 2963 15

802 2785 834 2815 ii.
859 2786 907 2822 20,

976 1232 1088 1262 Achaei
1103 1233 1183 1263 dolis
1197 1234 1411 1265 abstinebant.
1453 1236 1495 1266 iii.
1510 1238 1540 1273 1,
1556 1238 1603 1274 20,
1615 1238 1635 1267 3

974 1283 1109 1321 Acquiri
1123 1284 1207 1313 bello
1222 1294 1285 1313 non
1307 1289 1442 1324 possunt
1462 1296 1533 1324 quae
1555 1296 1652 1325 penes
1674 1288 1781 1317 hostes

1015 1336 1099 1363 sunt.
1142 1335 1205 1364 Sed
1227 1345 1290 1364 non
1312 1336 1465 1366 hostium.
1495 1337 1538 1367 iii.
1558 1337 1586 1373 6,
1601 1338 1629 1374 5,
1646 1337 1673 1368 ὅτι
1689 1338 1738 1374 26,
1754 1340 1781 1368 1.

1014 1384 1237 1423 Acquiruntur
1248 1386 1332 1415 bello
1347 1388 1453 1425 quoad
1463 1388 1517 1426 jus
1529 1391 1696 1417 externum
1711 1398 1783 1427 quae

1637 1462 1644 1468 ·
1680 1461 1688 1475 5
1721 1461 1729 1475 2
1764 1470 1768 1472 .

973 1484 1154 1523 Acquisitio
1178 1487 1333 1516 naturalis
1359 1487 1391 1516 in
1419 1488 1515 1518 bello.
1547 1488 1590 1519 iii.
1615 1489 1644 1526 6,
1666 1491 1694 1525 1,
1709 1491 1736 1526 1,
1752 1490 1780 1519 2.

1013 1535 1135 1564 Rerum
1157 1536 1338 1574 originaria.
1366 1537 1399 1567 ii.
1414 1539 1443 1574 3,
1459 1540 1486 1568 1.
1539 1539 1780 1577 Aequisitiones

1012 1585 1186 1623 improprie
1201 1586 1294 1615 dictae
1304 1586 1386 1625 juris
1397 1588 1553 1626 gentium.
1575 1589 1607 1618 ii.
1622 1590 1653 1626 8,
1669 1591 1686 1618 1

972 1635 1070 1665 Actio
1085 1636 1208 1674 injuriae
1222 1646 1262 1666 an
1279 1637 1464 1667 Christiano
1478 1639 1654 1669 conveniat.
1685 1639 1717 1669 ii.
1732 1641 1782 1678 20,

1013 1687 1062 1723 10,
1079 1688 1107 1724 1,
1120 1688 1139 1715 2

972 1735 1148 1765 Actionum
1163 1736 1353 1775 injustarum
1368 1738 1497 1776 gradus.
1520 1739 1551 1769 ii.
1568 1740 1618 1776 20,
1630 1740 1678 1777 29,
1693 1742 1720 1778 1,
1734 1743 1754 1771 3

1164 1787 1338 1817 forensium
1368 1791 1401 1818 et
1434 1789 1512 1819 belli
1539 1789 1634 1820 iidem
1664 1791 1780 1822 fontes.

1011 1836 1043 1866 ii.
1059 1838 1087 1873 1,
1103 1838 1130 1873 2,
1146 1839 1163 1866 1

973 1885 1077 1916 Actor
1097 1889 1133 1916 ut
1154 1887 1272 1916 bellum
1294 1888 1413 1918 vitetur
1433 1898 1468 1919 re
1490 1890 1587 1920 dubia
1607 1891 1714 1929 potius
1729 1901 1781 1922 ce-

1009 1936 1084 1965 dere
1098 1936 1202 1966 debet.
1226 1937 1256 1967 ii.
1273 1939 1322 1974 23,
1336 1940 1372 1967 11

973 1987 1075 2015 Actus
1097 1987 1217 2016 homini
1237 1988 1436 2018 inevitabiles
1457 1999 1498 2018 an
1519 1991 1625 2028 puniri
1647 1993 1781 2030 possint.

1011 2036 1042 2066 ii.
1059 2038 1107 2073 20,
1122 2038 1169 2068 19.
1223 2039 1287 2073 Qui
1312 2039 1483 2069 humanam
1509 2042 1694 2072 societatem
1717 2053 1781 2073 non

1013 2090 1172 2124 spectant,
1188 2088 1343 2126 puniendi
1356 2098 1420 2118 non
1437 2093 1521 2120 sunt.
1544 2091 1575 2121 ii.
1587 2093 1636 2128 20,
1651 2094 1700 2122 20.
1730 2093 1782 2123 Ex

1013 2146 1101 2166 more
1123 2146 1307 2167 communes
1334 2140 1452 2168 nemini
1473 2141 1671 2178 prohibendi.
1699 2143 1730 2173 ii.
1751 2144 1781 2180 3,

1013 2187 1061 2215 22.
1104 2187 1229 2216 Interni
1244 2197 1284 2216 an
1300 2189 1460 2226 punibiles
1474 2191 1559 2220 inter
1572 2191 1725 2223 homines.
1747 2193 1779 2223 11.

1012 2237 1063 2272 20,
1080 2237 1127 2266 18.
1171 2237 1357 2275 Imperfecti
1373 2248 1413 2267 an
1428 2240 1603 2277 puniantur
1611 2241 1685 2279 jure
1699 2251 1781 2280 gen-

1013 2284 1104 2315 tium.
1127 2286 1159 2315 ii.
1174 2287 1222 2322 20,
1237 2286 1286 2316 39.
1337 2287 1459 2317 Contra
1477 2289 1703 2319 conscientiam
1718 2291 1781 2320 illi-

1013 2335 1077 2364 citi.
1099 2335 1131 2364 ii.
1147 2337 1197 2373 23,
1213 2338 1241 2365 2.
1292 2336 1417 2365 Publici
1439 2340 1471 2366 et
1496 2339 1612 2375 privati
1636 2340 1670 2368 in
1694 2341 1781 2370 bello

1013 2386 1151 2424 publico.
1176 2386 1218 2415 iii.
1231 2386 1259 2422 6,
1276 2388 1323 2416 10.
1367 2387 1515 2417 Benefici.
1530 2388 1561 2417 ii.
1575 2390 1622 2425 12,
1632 2391 1660 2419 2.
1703 2390 1781 2420 Per-

1012 2436 1186 2464 mutatorii.
1201 2436 1232 2465 ii.
1245 2437 1292 2472 12,
1302 2437 1331 2465 3.
1361 2436 1559 2466 Diremtorii.
1571 2439 1651 2468 ibid.
1682 2440 1781 2470 Com-

1013 2485 1224 2514 municatorii.
1253 2485 1284 2515 ii.
1300 2488 1347 2522 12,
1362 2487 1390 2515 4.
1426 2486 1532 2516 Mixti.
1548 2487 1579 2517 ii.
1593 2490 1640 2525 12,
1651 2490 1681 2520 5.
1716 2490 1780 2520 Po-

1014 2535 1099 2564 sitivi
1112 2539 1145 2564 et
1166 2536 1308 2574 negativi
1323 2538 1478 2574 quantum
1494 2537 1654 2570 differant.
1681 2541 1712 2571 ii.
1729 2543 1778 2580 15,

1014 2585 1065 2620 17,
1079 2586 1108 2615 2.
1153 2585 1346 2614 Communes
1366 2595 1385 2615 a
1406 2587 1540 2616 dividuis
1562 2588 1780 2628 distinguendi

1014 2634 1097 2663 circa
1116 2635 1362 2665 restitutionem.
1392 2635 1436 2665 iii.
1451 2637 1499 2672 10,
1514 2637 1542 2667 4.
1587 2638 1710 2668 Contra
1723 2640 1780 2678 ju-

1013 2687 1194 2713 ramentum
1215 2684 1320 2713 factus
1343 2685 1470 2722 quando
1491 2686 1533 2715 sit
1557 2686 1688 2717 vitiosus
1708 2692 1780 2718 tan-

1014 2735 1094 2768 tum,
1113 2733 1241 2770 quando
1256 2735 1288 2762 et
1302 2733 1420 2763 irritus.
1436 2735 1466 2765 ii.
1483 2736 1531 2772 13,
1547 2735 1594 2767 19.
1637 2737 1780 2769 Humani

1014 2782 1226 2820 quotupliees.
1248 2783 1280 2812 ii.
1293 2785 1341 2820 12,
1356 2785 1384 2814 1.

974 2831 1168 2862 Άδέσποτα.
1190 2833 1223 2862 ii.
1240 2835 1269 2870 8,
1285 2835 1301 2864 7

972 2881 1209 2913 Admiralitatis
1224 2886 1348 2916 natura.
1373 2885 1405 2916 ii.
1418 2887 1466 2924 12,
1480 2888 1530 2918 25.
1573 2889 1779 2921 Contractus.

1013 2931 1044 2962 ii.
1063 2933 1111 2968 12,
1123 2934 1143 2962 4
