1971 3326
107 320 185 346 Deua.
199 326 247 344 xx.
260 320 297 344 14.

113 581 196 635 gum.
208 580 286 604 xxxi.

114 725 180 749 Jon.
195 724 231 748 iv.
245 723 282 748 ll.

116 918 156 942 De
170 917 221 942 Ira
233 916 260 940 ἱί.
274 917 297 941 9.

117 979 213 1003 Phar-s.
223 978 249 1002 ii.
261 978 313 1002 108.

325 191 410 233 214
677 194 1151 233 TEMPERAMENTUM
1182 193 1332 229 CIRCA
1362 194 1454 230 JUS
1611 192 1710 238 [Lm.
1729 194 1801 229 ΙΙΙ.

324 309 443 352 bellis
478 309 755 351 Hebraeorum
792 307 914 349 etiam
949 310 1041 361 post
1074 318 1215 360 pacem
1252 303 1432 345 oblatam
1468 308 1511 346 et
1541 303 1803 360 repudiatam

326 376 442 432 parci
468 375 558 419 vult
585 374 747 417 feminis
778 379 821 415 et
851 371 1090 422 infantibus,
1125 376 1247 412 extra
1278 384 1431 425 paucas
1460 374 1607 426 gentes
1638 369 1804 425 speciali

322 442 419 499 jure
443 446 650 498 exceptas,
675 440 874 482 adversus
899 450 1001 493 quas
1021 436 1131 492 quod
1150 442 1242 478 erat
1261 435 1427 484 bellum,
1453 449 1536 476 non
1559 441 1651 478 erat
1674 435 1804 477 homi-

329 523 441 558 num,
467 508 540 550 sed
563 506 656 555 Dei,
681 512 806 562 atque
828 503 888 546 ita
907 503 1208 559 appellabatur.
1278 502 1348 552 Et,
1379 516 1471 543 cum
1496 500 1690 543 mulieres
1714 503 1804 543 Ma-

332 574 554 617 dianitidas
580 572 706 615 vellet
737 569 866 613 occidi
899 570 952 612 ob
983 568 1197 626 proprium
1228 567 1412 624 ipsarum
1444 567 1612 617 crimen,
1643 567 1807 624 excepit

333 640 517 698 virgines
551 639 740 681 intactas.
797 637 887 678 Imo
923 650 1015 678 cum
1044 634 1241 677 Ninivitis
1276 634 1328 676 ob
1359 633 1604 691 gravissima
1638 639 1808 689 peccata

333 705 655 749 internecionem
684 717 829 747 severe
858 701 1080 745 admodum
1105 701 1283 743 minatus
1315 705 1434 750 esset,
1464 699 1626 742 retrahi
1648 714 1692 741 se
1715 714 1808 755 pas-

333 787 403 815 sus
426 778 490 815 est
513 770 774 814 miseratione
798 769 1021 811 multorum
1047 767 1216 809 millium
1240 766 1328 824 ejus
1354 766 1502 816 aetatis,
1528 781 1621 822 quae
1645 765 1808 807 honesti

333 844 376 882 et
398 837 604 880 inhonesti
627 835 864 879 discrimina
884 835 1114 892 ignoraret.
1184 833 1262 875 Cui
1290 832 1430 875 similis
1454 838 1517 875 est
1540 831 1652 889 apud
1683 833 1808 873 Sene-

333 920 422 947 cam
445 903 675 947 sententia:
712 918 815 944 mom
834 903 931 958 quis
955 902 1166 943 irascitur
1180 901 1347 955 pueriS,
1373 914 1554 955 quorum
1578 907 1684 941 (etas
1705 913 1808 940 ‘non-

334 973 438 1014 dum
456 972 574 1014 novit
597 985 743 1013 rerum
766 969 1030 1011 discrimina
1046 967 1069 1008 ,Ρ
1138 966 1197 1007 Et
1220 965 1331 1022 apud
1353 967 1590 1007 Lucanum:

625 1049 789 1084 Crimine
809 1058 882 1093 quo
903 1046 1008 1092 parvi
1029 1045 1168 1080 caedem
1189 1049 1346 1091 potuere
1366 1045 1524 1080 mereri?

336 1116 381 1158 Si
401 1116 491 1157 haec
515 1116 630 1156 Deus
663 1112 760 1155 fecit
782 1126 830 1154 ac
851 1110 1008 1160 statuit,
1035 1109 1105 1166 qui
1130 1109 1292 1165 quosvis
1310 1109 1496 1151 homines
1519 1109 1809 1165 cujuscumque

333 1196 457 1225 sexus
480 1186 553 1223 aut
575 1179 709 1221 aetatis
732 1177 820 1220 sine
843 1177 928 1219 ulla
951 1191 1074 1218 causa
1093 1191 1173 1217 non
1195 1175 1344 1232 injuste
1366 1181 1502 1233 potest
1525 1175 1725 1227 occidere,
1745 1182 1810 1218 ut-

333 1254 431 1305 pote
454 1247 552 1290 vitae
576 1246 698 1288 dator
722 1259 770 1287 ac
794 1242 995 1293 dominus,
1022 1242 1121 1299 quid
1152 1241 1338 1284 homines
1367 1242 1504 1285 facere
1537 1257 1700 1298 aequum
1728 1247 1807 1289 est,

334 1360 533 1400 Specialibus
553 1359 691 1398 Leuibus
711 1359 760 1388 11.
784 1357 869 1394 πρὸς
889 1357 949 1396 μὲν
970 1356 1037 1395 γάρ

331 1413 411 1442 ’τοὺς
424 1410 577 1440 τελείους
591 1410 708 1448 μυρίας
728 1406 920 1446 προφάσεις
943 1407 1037 1436 εὔλο-

332 1472 387 1500 ’γοι
409 1459 700 1499 προσκρουμάτων
719 1470 760 1487 τε
781 1457 835 1487 καὶ
857 1457 1037 1494 διαφορῶν.

332 1514 407 1540 τοῖς
421 1510 453 1539 δὲ
471 1509 587 1547 κομιδῇ
600 1509 728 1543 νηπίοις
749 1507 828 1544 ἄρτι
843 1506 1036 1544 παρεληλυ-

333 1560 427 1589 θόσιν
443 1561 486 1589 εἷς
506 1561 578 1598 φῶς
593 1558 646 1588 καὶ
661 1558 722 1587 τὸν
736 1556 938 1596 ἀνθρώπινον
951 1555 1038 1594 βίον,

333 1598 399 1640 οὐδ’
414 1609 665 1649 ἐπιψεύσασθαι
683 1607 890 1646 κατηγορίαν
911 1604 1040 1635 ‹in-ax&-

331 1672 404 1690 τοις
431 1661 524 1689 οὖσιν
552 1659 744 1697 ἐνδέχεται·
791 1666 864 1686 nam
891 1656 924 1685 in
940 1655 1039 1691 justae

332 1711 436 1740 celatis
464 1710 600 1739 homines
627 1709 711 1738 mille
737 1706 869 1745 speciosi
902 1706 1039 1735 obtentus

332 1760 470 1799 reperiri
478 1762 610 1798 possunt
621 1758 850 1787 discordiarum
862 1756 922 1785 hac
931 1755 1039 1784 simul-

334 1814 442 1840 tatum.
478 1809 524 1838 At
539 1809 571 1838 in
592 1809 736 1847 infantes,
752 1807 807 1845 qui
827 1806 917 1834 modo
939 1806 969 1834 in
993 1805 1040 1834 lu-

335 1870 398 1890 cem
419 1861 575 1897 vitamque
598 1859 765 1888 humanam
789 1865 906 1893 venere,
927 1864 963 1884 ne
985 1863 1040 1884 ca-

336 1910 455 1939 lumnia
469 1909 592 1947 quidem
605 1908 689 1946 quod
697 1908 783 1937 dicat
792 1907 892 1942 habet,
902 1909 935 1934 ut
943 1906 1041 1943 plane

335 1962 518 1989 innocentes.
562 1959 663 1996 (Pag.
690 1957 748 1987 795
775 1956 829 1992 D.)
880 1956 1041 1993 ,Iosephus

336 2010 484 2048 Antiquce
506 2008 665 2037 Historioe
685 2007 766 2035 libro
788 2015 840 2035 1x.
862 2005 899 2034 de
920 2005 1042 2033 DIana-

336 2070 412 2095 emo,
427 2059 512 2098 (cap.
528 2057 595 2095 11.)
608 2057 685 2095 μηδὲ
702 2055 827 2090 νηπίων
837 2055 1041 2093 φειδόμενος,

337 2109 511 2147 ὠμότητος
540 2105 730 2144 ὑπερβολήν
758 2106 793 2134 οὐ
823 2104 1042 2133 καταλείπων

337 2159 402 2188 οὐδ’
417 2157 632 2196 ἀγριότητος.
667 2154 688 2184 εἳ
711 2153 777 2193 ’γάρ
800 2153 871 2182 οὐδὲ
892 2155 959 2182 ’τῶν
981 2153 1042 2182 (ἰλ-

337 2208 500 2246 λοφύλων
520 2206 614 2235 τινάς
638 2203 860 2243 συγγνωστὸν
887 2202 1042 2240 ὁραθῆναι

338 2256 533 2296 γενομένους
568 2254 790 2292 ὑποχειρίους,
823 2253 935 2281 ταῦτα
966 2252 1043 2281 τοὺς

338 2306 529 2346 ὁμοφύλους
543 2305 646 2334 οὕτως
660 2302 862 2341 εἰργάσατο·
879 2301 929 2331 .ch
939 2302 970 2330 z'n
990 2311 1045 2331 an-

1104 1356 1186 1385 tibus
1200 1355 1323 1394 quidem
1333 1364 1469 1394 parcens
1477 1355 1646 1394 nihilfecit
1656 1355 1810 1393 reliquum

1105 1405 1151 1434 ad
1177 1405 1401 1442 crudelitatem,
1428 1408 1484 1434 aut
1502 1406 1668 1443 feritatem
1691 1405 1809 1443 potius.

1110 1455 1184 1492 Quae
1212 1455 1292 1483 enim
1318 1455 1439 1484 veniam
1464 1464 1524 1484 non
1551 1455 1754 1490 merebantur,
1782 1454 1811 1483 si

1106 1505 1140 1533 in
1160 1507 1302 1533 erternos
1324 1505 1402 1534 bello
1425 1505 1522 1534 victos
1543 1508 1640 1534 essent
1657 1505 1751 1540 edita,
1773 1513 1811 1533 ca

1098 1555 1182 1593 fecit
1203 1555 1236 1583 in
1253 1555 1428 1593 populares
1450 1565 1533 1584 suos.
1576 1555 1715 1593 [Auctor
1741 1554 1811 1583 heic

1107 1604 1203 1633 tacite
1215 1604 1295 1642 legit
1309 1613 1402 1633 versu
1416 1605 1435 1633 4
1449 1604 1605 1642 ὁραθῆναι
1621 1613 1679 1641 pro
1701 1603 1810 1638 διαθῆ-

1107 1666 1170 1691 ναι,
1199 1655 1285 1693 quod
1308 1657 1376 1684 erat
1400 1655 1432 1683 in
1457 1656 1607 1684 Editione
1631 1655 1751 1684 Genev.
1779 1658 1812 1684 et

1107 1708 1265 1734 mutatum
1289 1708 1337 1734 est
1359 1705 1391 1733 in
1415 1704 1573 1734 διαθεῖναι
1596 1715 1636 1734 ex
1659 1706 1754 1736 MSS.
1777 1707 1810 1735 in

1107 1755 1198 1785 Edit.
1226 1755 1371 1784 Hudson.
1414 1755 1491 1793 Cap.
1516 1755 1558 1785 xi.
1581 1755 1598 1794 ξ
1624 1758 1651 1785 1.
1699 1756 1735 1786 J.
1751 1756 1809 1795 R]

1108 1807 1198 1836 Idem
1215 1806 1374 1844 Josephus
1385 1806 1502 1835 ,Iudam
1513 1807 1727 1835 Maccabaeum
1739 1816 1810 1835 nar-

1108 1859 1158 1885 rat
1186 1856 1288 1885 Bosra
1310 1858 1342 1884 et
1364 1856 1516 1894 Ephrone
1538 1857 1649 1895 captis,
1677 1856 1809 1886 interfe-

1109 1907 1187 1935 cisse
1203 1908 1272 1935 πᾶν
1287 1905 1328 1935 τὸ
1342 1905 1439 1944 ἅρῤεν
1453 1906 1507 1935 καὶ
1528 1906 1694 1945 μάχεσθαι
1716 1907 1810 1936 δυνά-

1108 1965 1220 1994 μενον·
1248 1956 1400 1994 quicquid
1419 1956 1524 1985 virilis
1541 1966 1633 1986 sevus
1649 1960 1677 1987 et
1694 1967 1812 1996 puqnoe

1109 2006 1252 2035 idoneum
1266 2008 1343 2035 crat.
1367 2005 1454 2044 [Ant.
1469 2006 1550 2036 Jud.
1569 2006 1640 2036 Lib.
1657 2015 1721 2037 ΧΠ.
1742 2017 1811 2046 cap.

1109 2056 1138 2085 8.
1153 2055 1169 2093 ἓ
1182 2057 1210 2084 5.
1224 2055 1315 2084 divis.
1327 2055 1470 2085 Hudson.
1485 2056 1539 2085 ubi
1550 2060 1656 2086 tamen
1670 2057 1728 2086 hoc
1738 2060 1812 2086 tan-

1110 2108 1178 2134 tum
1196 2105 1334 2143 legitur:
1356 2105 1422 2134 Καὶ
1437 2107 1507 2134 πᾶν
1522 2106 1601 2135 ὅσον
1614 2105 1712 2145 ἅῤῥεν
1724 2106 1764 2140 ἦν
1779 2107 1812 2137 ἐν

1111 2155 1197 2191 αὐτῇ
1213 2154 1343 2182 κτείνας
1357 2153 1415 2183 διο.
1440 2154 1476 2184 J.
1492 2154 1551 2193 B.]
1595 2155 1639 2184 Et
1653 2155 1727 2184 alibi
1742 2165 1811 2193 poe-

1110 2212 1193 2239 nam,
1210 2212 1303 2241 quam
1319 2203 1502 2233 Alexander
1519 2204 1691 2233 Thracidas
1709 2205 1812 2233 dictus

1111 2252 1150 2281 de
1165 2252 1186 2281 J
1190 2253 1350 2281 udaeorum
1365 2252 1471 2290 pueris
1487 2255 1519 2282 et
1527 2253 1710 2282 mulieribus
1725 2263 1811 2282 sum-

1111 2304 1205 2338 serat,
1220 2304 1312 2331 vocat
1328 2302 1409 2339 ὑπὲρ
1425 2301 1599 2339 ἄνθρωπον
1614 2302 1715 2341 δίκην,
1736 2303 1811 2332 ulti-

414 2456 583 2492 C‘lzz’ldren
599 2467 661 2491 are
675 2457 822 2491 eoecused
841 2457 883 2502 by
902 2456 991 2491 their
1010 2468 1084 2502 aye,
1101 2468 1235 2491 women
1252 2457 1295 2501 by
1312 2455 1400 2490 their
1415 2466 1484 2496 seoe,
1501 2465 1540 2489 as
1560 2454 1702 2489 Seneca
1719 2465 1812 2500 says,

339 2513 378 2548 in
399 2514 464 2549 the
479 2514 597 2548 books
617 2513 656 2547 in
673 2513 794 2548 which
814 2513 862 2548 he
878 2514 1013 2555 writes,
1026 2514 1181 2560 angi-ily,
1195 2513 1350 2559 Ayaiust
1369 2512 1505 2558 Anyer.
1546 2511 1629 2546 God
1650 2511 1813 2553 himself,

339 2582 434 2606 even
453 2570 561 2605 when
578 2581 692 2617 peace
708 2570 783 2604 had
801 2570 899 2605 been
920 2570 1060 2605 offered
1086 2571 1160 2605 and
1185 2570 1347 2611 refused,
1372 2568 1540 2604 directed
1565 2568 1647 2603 that
1667 2579 1813 2603 women

339 2628 414 2662 and
435 2628 575 2663 infants
600 2638 696 2663 were
722 2631 761 2662 to
787 2627 834 2662 be
865 2627 1011 2673 spared,
1042 2631 1178 2673 except
1208 2628 1246 2661 in
1272 2639 1294 2662 a
1318 2627 1390 2662 few
1411 2637 1523 2666 cases,
1548 2626 1586 2659 in
1606 2625 1727 2660 which
1747 2625 1813 2660 the

339 2696 414 2719 war
437 2697 509 2719 was
534 2684 597 2720 the
621 2696 696 2719 war
714 2685 757 2720 of
777 2685 872 2726 God,
892 2688 959 2719 not
983 2684 1025 2719 of
1046 2695 1143 2725 men,
1164 2685 1239 2718 and
1259 2695 1331 2718 was
1356 2694 1396 2718 so
1417 2682 1547 2718 called.
1600 2682 1686 2716 And
1705 2681 1812 2716 when

339 2741 388 2776 he
416 2742 583 2776 directed
613 2741 677 2776 the
706 2741 940 2776 Midianitish
965 2752 1110 2776 women
1140 2745 1179 2775 to
1209 2741 1256 2776 be
1281 2741 1375 2775 slain
1399 2740 1460 2774 for
1489 2739 1589 2774 their
1608 2739 1735 2777 crime,
1763 2738 1812 2772 he

341 2799 521 2843 excepted
550 2798 615 2833 the
643 2799 790 2844 virgins.
838 2798 924 2832 And
950 2798 1057 2833 when
1089 2798 1137 2832 he
1161 2797 1237 2832 had
1266 2797 1487 2832 threatened
1521 2795 1692 2830 Nineveh
1723 2794 1811 2827 with

340 2854 582 2896 destruction,
605 2855 654 2890 he
678 2867 751 2890 was
772 2855 905 2889 moved
927 2858 965 2889 to
988 2855 1132 2900 change
1159 2854 1216 2888 his
1243 2865 1415 2900 purpose,
1436 2851 1577 2896 (Jonah
1597 2852 1643 2885 ἰν.
1666 2848 1739 2892 11,)
1761 2850 1812 2896 by

339 2909 404 2943 the
422 2912 695 2945 consideration
716 2911 799 2946 that
820 2911 926 2947 there
942 2922 1039 2946 were
1056 2922 1096 2946 so
1117 2922 1230 2956 many
1246 2921 1399 2956 persons
1420 2910 1502 2944 who
1520 2907 1630 2943 could
1648 2910 1715 2941 not
1736 2906 1812 2941 dis·

339 2966 503 3011 tinguish
524 2966 624 3012 right
643 2967 742 3001 from
759 2979 895 3012 wrong.
962 2968 1011 3002 So
1035 2968 1178 3002 Seneca
1199 2967 1272 3001 and
1289 2968 1417 3001 Lucan
1434 2965 1548 3011 spcak
1566 2964 1609 2999 of
1622 2963 1808 2999 children.
