1971 3326
134 139 349 187 cAr.X11.]
717 143 781 177 ET
814 141 1021 178 sunium.
1524 139 1605 179 233

133 252 248 307 μήτε
277 254 488 315 φθείρειν·
525 262 795 297 mansuetam
819 255 1173 310 fruqiferamque
1205 255 1400 296 arborem
1431 269 1505 297 nee
1539 256 1608 296 lee-

135 323 234 364 dere
257 335 332 362 nec
357 323 603 363 eaescindere
613 322 698 375 fas
722 328 818 363 esto.

238 388 264 428 2
312 386 598 444 cPorphyrius
625 400 723 428 vcro
756 399 891 428 mores
921 384 1121 427 Judaicos
1152 384 1388 428 describens
1417 385 1524 428 libro
1555 386 1608 428 de

136 468 219 495 non
254 452 424 495 edendis
455 451 698 494 animalibus
722 457 884 507 quarto,
920 451 1055 508 legem
1083 452 1201 502 hanc,
1236 452 1530 494 consuetudine
1563 458 1608 494 ut

137 525 239 575 puto
270 519 514 575 interprete,
551 518 676 560 etiam
706 518 760 559 ad
793 517 1018 559 animantia
1052 517 1161 559 ruris
1191 518 1307 574 operi
1341 518 1609 560 inservientia

137 584 354 641 producit:
389 599 484 626 nam
507 583 571 625 his
595 597 758 639 quoque
781 589 828 625 ut
851 583 893 624 in
917 583 1022 625 bello
1047 590 1289 639 parceretur
1313 599 1339 627 a
1363 585 1480 626 Mose
1503 598 1609 640 prae-

139 657 302 706 ceptum
336 650 420 692 ait:
455 649 724 691 Thalmudica
760 663 861 691 vero
893 648 1046 705 scripta
1078 655 1120 691 et
1155 650 1326 692 Hebraei
1359 650 1609 706 interpretes

133 717 309 767 addunt,
335 711 496 773 dlegem
525 715 632 757 hanc
663 713 959 770 porrigendam
989 714 1044 756 ad
1067 730 1156 756 rem
1181 715 1368 771 quamvis
1398 731 1491 771 quae
1522 716 1609 758 sine

139 797 262 824 causa
285 781 472 838 peritura
495 780 560 830 sit,
585 786 632 822 ut
653 780 687 822 si
710 780 883 822 aedificia
907 781 1213 830 comburantur,
1240 781 1447 823 esculenta
1468 796 1515 823 ac
1539 797 1610 837 po-

138 849 298 890 tulenta
318 852 646 903 corrumpantur.
719 845 934 888 Consentit
957 861 1047 887 eum
1076 847 1155 888 hac
1177 847 1270 904 lege
1300 847 1414 889 ducis
1436 847 1610 890 Atheni-

140 914 246 956 ensis
270 912 477 956 Timothei
500 912 682 969 prudens
714 911 955 961 moderatio,
981 911 1051 967 qui
1080 919 1278 955 narrante
1303 913 1514 970 Polyaen0‚
1539 911 1610 957 οὐκ

139 977 392 1039 ἐπέτρεπεν
423 974 527 1022 οὔτε
553 979 687 1023 οἰκίαν
715 973 819 1022 οὔτε
844 974 1029 1023 ἐ’παυλιν
1056 979 1290 1039 καθαιρεῖν,
1322 976 1369 1022 οὐ
1395 976 1482 1032 μήν
1513 975 1610 1023 οὐδὲ

135 1097 278 1133 possunt.
325 1094 486 1124 Verissime
509 1095 587 1124 enim
615 1094 730 1124 dictum
758 1095 843 1124 anti-

139 1144 220 1182 quis,
243 1144 290 1173 ita
305 1144 416 1173 amicis
431 1145 584 1181 utendum,
603 1148 637 1173 ut
656 1154 716 1173 non
734 1148 843 1182 puten-

138 1198 191 1224 tur
211 1195 302 1224 nullae
323 1195 521 1232 supervenire
541 1204 635 1232 posse
660 1195 842 1231 inimicitiae,

138 1247 167 1273 et
191 1245 238 1273 ita
261 1245 446 1274 tractandas
468 1245 611 1283 offensas,
640 1247 673 1273 ut
700 1244 844 1273 amicitia

138 1297 287 1332 speretur,
307 1294 453 1323 nimirum
467 1298 500 1323 ut
518 1294 647 1332 quisque
668 1294 754 1323 intra
771 1293 841 1322 ani-

139 1353 221 1373 mum
239 1344 365 1382 aliquid
386 1344 544 1380 recondat,
565 1354 625 1382 quo
646 1347 728 1373 tutus
744 1344 794 1379 sit,
816 1347 844 1372 et

139 1402 199 1422 non
213 1402 247 1422 eo
260 1393 389 1422 nimium
403 1393 519 1421 nudato
527 1402 590 1431 per
603 1393 697 1421 verba
709 1395 737 1421 et
745 1393 844 1430 facta

139 1452 211 1472 mom
226 1443 439 1481 paenitentiam
461 1446 538 1481 aqat
558 1443 657 1471 nimiu?
673 1452 734 1471 sure
754 1442 844 1471 vahe-

139 1494 279 1529 mentz'ae;
309 1503 400 1532 seque
421 1496 553 1529 accuset,
577 1493 630 1521 ubi
656 1502 705 1522 res
732 1493 844 1522 sanari

139 1541 275 1579 amplius
296 1550 355 1570 non
366 1543 478 1579 potest,
501 1541 662 1570 oraculum
681 1541 738 1569 hoc
756 1543 784 1569 et
798 1540 843 1569 ci-

140 1591 290 1620 vitatibus
304 1591 527 1620 observandum
541 1594 594 1626 est,
613 1594 647 1619 ut
660 1591 756 1628 pacis
770 1593 842 1619 tem-

135 1650 216 1679 pore
232 1644 358 1678 parent,
381 1650 452 1679 quae
473 1640 518 1670 ad
537 1641 647 1669 bellum
667 1643 737 1669 sunt
758 1650 844 1678 opus,

141 1690 175 1718 in
188 1689 266 1718 bello
281 1698 364 1725 vero,
386 1699 451 1727 quas
473 1689 519 1717 ad
532 1698 665 1726 pacem.-
690 1698 728 1717 ac
749 1698 844 1726 neque

142 1739 252 1768 amicis
275 1747 374 1776 supra
395 1738 517 1766 modum
528 1738 658 1775 fidant.-
695 1741 844 1776 tanquam

141 1789 197 1826 qui
211 1797 270 1816 non
279 1791 412 1825 possunt
426 1788 458 1816 in
473 1788 664 1816 contrarium
678 1788 757 1816 verti
762 1797 775 1823 ;
792 1797 843 1816 ne-

142 1847 201 1877 que
223 1838 363 1867 hostibus
390 1838 438 1866 ita
464 1837 623 1876 diffidant,
651 1837 744 1875 quasi
765 1847 843 1865 nun-

141 1897 236 1926 quam
244 1888 367 1926 possint
377 1887 423 1916 ad
432 1887 605 1916 amicitiam
614 1887 731 1917 reduci.
752 1887 846 1926 Quod

141 1939 170 1967 si
185 1939 278 1967 etiam
292 1947 356 1976 pro
375 1939 459 1967 hoste
474 1938 554 1967 nihil
566 1938 752 1976 flzciendum
768 1942 844 1967 esset

141 1987 175 2016 in
188 1996 271 2025 spem
286 1987 524 2024 conciliationis,
542 1991 621 2017 certe
634 1988 715 2017 nihil
728 1997 843 2025 eorum,

142 2046 208 2075 quae
223 2040 310 2066 terra
321 2037 401 2075 fert,
416 2037 526 2066 hostile
538 2047 548 2066 .·
571 2038 647 2076 quin
661 2039 764 2067 amica
778 2049 842 2067 om-

142 2087 208 2122 nia,
234 2086 330 2115 utilia
354 2087 475 2116 omnia.-
509 2087 674 2116 mitissima
697 2097 768 2117 vero
796 2088 845 2117 vel

141 2136 275 2165 maoez‘me
294 2136 482 2172 necessaria,
512 2140 545 2166 ut
565 2146 696 2174 quorum
713 2136 844 2174 fructus

141 2189 198 2215 aut
211 2186 389 2215 alimentum
402 2187 474 2222 sint,
495 2190 551 2215 aut
562 2196 630 2225 par
644 2186 769 2224 aliquid
782 2188 844 2216 ali-

141 2239 250 2265 mento.
291 2235 367 2264 Non
381 2239 500 2274 oportet
514 2236 626 2265 bellum
640 2236 756 2274 inferre
771 2237 845 2266 belli

140 2285 264 2322 nesciis,
276 2295 336 2314 non
345 2295 461 2322 secare,
470 2295 530 2314 non
540 2295 641 2322 urere,
656 2295 716 2315 non
730 2287 843 2316 eoestir-

902 1103 987 1132 pare
1000 1095 1165 1132 radicitus,
1180 1105 1250 1134 quoe
1264 1099 1381 1125 natura
1396 1106 1550 1135 aquarum
1565 1098 1611 1126 ir-

909 1145 1120 1182 riqationibus
1151 1148 1180 1174 et
1206 1149 1345 1175 astatum
1376 1156 1481 1175 sereno
1513 1150 1612 1176 tenere

909 1195 1061 1231 educavit,
1083 1198 1116 1224 ut
1135 1195 1254 1225 tributa
1275 1196 1448 1225 hominibus
1466 1197 1548 1225 velut
1561 1206 1611 1226 rc-

909 1246 999 1283 qibus
1008 1246 1146 1283 ferrent.
1191 1246 1280 1275 Cura
1302 1249 1403 1275 autem
1426 1247 1454 1275 ei
1474 1249 1508 1276 ut
1529 1256 1611 1276 com-

909 1296 994 1324 muni
1017 1304 1121 1324 rerum
1144 1296 1278 1324 omnium
1302 1299 1330 1325 et
1348 1296 1462 1334 optimo
1480 1298 1613 1334 prasidi

899 1346 982 1383 ficit,
1001 1346 1130 1375 illaesam
1148 1349 1304 1383 proestare
1322 1356 1383 1375 non
1402 1347 1613 1376 animantibus

910 1399 1028 1424 tantum
1040 1396 1095 1424 sed
1105 1399 1133 1424 et
1145 1399 1238 1425 terra>
1242 1396 1375 1434 fatibus
1385 1397 1446 1425 vim
1458 1407 1496 1426 ac
1507 1398 1613 1435 robur,

903 1446 1079 1482 prasertim
1092 1455 1164 1474 vero
1179 1446 1314 1483 mitibus,
1329 1447 1406 1484 quia
1421 1447 1551 1483 majoris
1566 1451 1613 1476 tu-

910 1495 978 1524 telce
993 1495 1140 1533 inchoent,
1161 1505 1214 1525 nec
1228 1495 1273 1524 ad
1288 1496 1482 1534 sylvestrium
1499 1507 1613 1527 morem

900 1545 1054 1583 foecuncla
1068 1549 1146 1581 sunt,
1165 1546 1221 1575 sed
1231 1547 1372 1584 peritam
1391 1548 1546 1577 culturam
1560 1549 1613 1578 cle-

908 1595 1059 1631 siderant,
1099 1599 1132 1624 ut
1155 1596 1343 1633 firmitatem
1377 1602 1614 1636 consequantur.

912 1645 1010 1683 (Pag.
1026 1646 1096 1681 712,
1110 1645 1179 1675 713.
1202 1645 1294 1676 Edit.
1310 1646 1442 1684 Paris.)

969 1699 982 1715 c
1001 1694 1204 1732 Porphyrius
1219 1694 1305 1733 vero]
1322 1695 1429 1724 Verba
1441 1696 1508 1733 ejus
1522 1701 1613 1728 sunt:

911 1743 1085 1781 φείδεσθαι
1104 1744 1136 1772 δὲ
1163 1744 1290 1773 κελεύει
1313 1744 1373 1783 κᾷν
1395 1746 1440 1783 τῇ
1463 1745 1613 1785 πολεμίᾳ

909 1793 977 1821 τῶν
992 1792 1281 1830 συνεργαζομένων
1301 1792 1390 1830 ζώων
1411 1795 1465 1823 καὶ
1485 1795 1529 1831 μή
1549 1799 1613 1832 φο-

910 1842 1024 1871 νεύειν·
1052 1842 1149 1879 parci
1173 1842 1268 1870 etiam
1286 1842 1376 1879 jubet
1398 1844 1448 1872 lez·
1471 1844 1504 1873 in
1526 1848 1614 1874 terra

908 1890 1050 1929 quamvis
1064 1890 1172 1919 hostili
1186 1891 1397 1920 animantibus
1417 1903 1543 1930 operum
1561 1905 1612 1924 so-

909 1940 976 1975 ciis,
991 1940 1039 1968 ita
1053 1943 1086 1968 ut
1099 1949 1137 1969 ea
1151 1940 1290 1970 occidere
1304 1951 1363 1970 non
1378 1942 1480 1972 liceat.
1520 1945 1613 1984 (Pag.

908 1989 977 2020 394.
998 1989 1089 2018 Edit.
1105 1989 1208 2027 Luqd.
1225 1990 1326 2028 1620.)

968 2037 983 2059 d
1003 2038 1117 2077 Leqem
1133 2039 1215 2081 hanc
1223 2040 1467 2080 porriqendam]
1492 2043 1614 2074 Contra

908 2098 983 2118 vero
1001 2089 1265 2127 restringendam,
1289 2090 1398 2119 addita
1415 2094 1612 2130 exceptione,

908 2139 968 2167 nisi
983 2139 1111 2168 arbores
1128 2139 1161 2167 in
1177 2140 1366 2169 suburbanis
1382 2141 1460 2170 locis
1477 2142 1612 2180 impedi-

908 2192 964 2219 ant
974 2189 1179 2228 jaculatores,
1203 2190 1301 2227 [Vide
1318 2191 1464 2222 SELDEN.
1480 2193 1517 2222 de
1530 2194 1614 2224 Jure

908 2239 988 2269 Nat.
1003 2242 1033 2269 et
1052 2238 1139 2269 Gent.
1161 2239 1232 2270 Lib.
1242 2248 1289 2269 VI.
1306 2249 1332 2270 c.
1343 2241 1393 2270 15.
1433 2241 1469 2272 J.
1484 2242 1541 2281 B.]

142 2464 316 2489 manners
337 2454 380 2488 of
396 2453 459 2489 the
479 2455 588 2495 Jews,
603 2453 717 2500 being
732 2455 881 2500 guided,
901 2468 941 2492 as
961 2458 981 2492 Ι
1001 2459 1185 2499 conceive,
1207 2458 1257 2504 by
1279 2462 1433 2501 eustoni,
1456 2461 1610 2495 extends

143 2511 216 2545 this
233 2514 272 2545 to
290 2511 445 2545 animals
462 2511 553 2545 used
570 2512 607 2545 in
626 2512 870 2556 agriculture:
891 2514 952 2549 for
966 2515 1014 2550 he
1031 2527 1112 2561 says
1130 2515 1212 2550 that
1226 2516 1348 2550 Moses
1366 2518 1611 2552 commanded

143 2572 183 2602 to
201 2578 308 2613 spare
329 2567 434 2602 these
452 2568 540 2602 also.
589 2567 674 2601 And
691 2568 756 2602 the
776 2570 919 2606 writers
937 2572 980 2606 of
995 2572 1059 2607 the
1086 2573 1256 2614 Talmud,
1273 2573 1347 2606 and
1365 2573 1429 2608 the
1450 2573 1611 2608 Hebrew

145 2624 455 2665 Commentators,
472 2635 536 2670 say
552 2624 634 2659 that
646 2624 718 2659 this
731 2625 802 2659 law
821 2627 851 2662 is
869 2632 907 2662 to
928 2629 975 2663 be
993 2629 1177 2663 extended
1194 2633 1234 2664 to
1250 2629 1431 2675 anything
1444 2630 1562 2665 which
1580 2632 1611 2666 is

145 2680 343 2726 destroyed
368 2680 524 2715 without
550 2692 670 2723 cause,
701 2693 741 2717 as
776 2683 884 2718 when
917 2685 1105 2730 buildings
1135 2697 1199 2720 are
1229 2686 1354 2727 bui-nt,
1385 2697 1427 2720 or
1456 2688 1611 2722 victuals

144 2738 298 2783 spoiled.
342 2736 427 2772 And
443 2737 532 2771 with
550 2737 621 2772 this
647 2738 727 2780 law,
750 2750 878 2784 agrees
899 2741 963 2775 the
984 2742 1147 2787 prudent
1171 2743 1404 2777 moderation
1425 2744 1469 2778 of
1485 2745 1612 2779 Timo-

144 2794 265 2835 theus,
278 2794 343 2829 the
359 2794 545 2829 Athenian
557 2796 720 2841 general,
738 2796 819 2831 who
836 2797 901 2831 did
919 2804 980 2832 not
997 2799 1103 2832 allow
1117 2811 1140 2833 a
1152 2800 1252 2834 house
1264 2812 1306 2834 or
1319 2801 1387 2845 city
1401 2807 1433 2835 to
1446 2803 1482 2836 be
1493 2803 1612 2843 burnt,

145 2864 188 2886 or
203 2864 227 2885 a
241 2852 432 2896 fruit-trec
455 2857 488 2886 to
515 2853 551 2887 be
571 2859 629 2887 cut
657 2854 771 2893 down,
804 2865 843 2888 as
867 2855 1063 2900 Polyaenus
1084 2856 1230 2891 relatos.
1279 2857 1324 2891 In
1340 2858 1481 2894 Plato’s
1501 2859 1612 2894 Laws

145 2920 199 2944 we
216 2908 310 2945 have
327 2909 411 2951 this,
428 2909 509 2944 that
527 2910 580 2945 the
606 2910 694 2945 land
718 2911 746 2945 is
766 2918 826 2946 not
848 2917 880 2946 to
901 2913 937 2947 bc
953 2913 1112 2958 ravassed
1127 2925 1195 2948 nor
1212 2915 1329 2949 houses
1347 2916 1464 2950 burnt.

1628 930 1712 953 δῖναι.
1727 929 1763 952 iii.
1780 928 1816 952 10.

1628 967 1655 984 n.
1668 961 1692 984 5.
