1971 3326
200 185 286 227 426

202 308 337 338 Latroni
350 309 428 339 fides
443 312 579 339 servata.
602 310 648 340 iii.
664 311 713 347 19,
727 312 757 348 2,
771 312 790 340 2

202 358 359 389 Latrones
368 360 422 398 jus
432 360 603 399 legationis
614 369 678 389 non
693 361 825 389 habent.
846 359 877 388 ii.
888 360 936 395 18,
950 360 979 395 2,
989 360 1009 389 3

202 409 406 447 Legationes,
420 410 554 439 assiduae
568 410 655 448 rejici
669 412 812 448 possunt.
834 409 865 437 ii.
883 410 930 444 18,
945 410 974 444 3,
990 410 1009 437 2

202 458 346 497 Legatus
360 468 400 488 an
409 459 663 497 jurisdictionem
678 459 804 487 habeat.
825 458 857 486 ii.
873 459 920 492 18,
935 459 963 493 8,
978 459 1008 487 2.

243 508 276 538 Si
291 509 367 547 quid
382 509 508 547 debeat,
525 509 685 547 quomodo
700 508 950 546 compellandus.
974 508 1007 537 ii.

243 559 292 594 18,
306 558 335 589 9.
365 559 501 593 Quando
516 561 630 596 sponte
642 558 770 586 domum
780 557 883 586 redire
897 557 1008 596 possit.

244 608 276 638 ii.
292 608 340 644 16,
355 610 404 646 25,
420 610 439 637 2

204 657 319 696 Legati
341 658 522 686 mittentem
548 657 694 696 obligant
712 657 807 686 etiam
829 659 941 686 contra
957 666 1009 687 ar-

243 717 322 737 cana
336 708 497 736 mandata.
519 707 553 737 ii.
569 710 617 744 11,
631 709 679 736 12.
703 707 850 746 Quijure
863 707 1009 745 gentium

243 761 386 787 utantur.
410 758 443 787 ii.
459 759 509 794 18,
522 760 551 792 2,
568 760 595 787 1.
629 758 668 787 In
681 758 773 787 bellis
788 758 933 786 civilibus
946 767 1009 796 quo

238 808 312 846 jure
327 808 401 837 sint.
423 808 456 838 ii.
473 809 520 844 18,
535 809 563 844 2,
573 809 602 837 3.
625 808 679 837 An
693 808 894 837 admittendi.
916 807 949 836 ii.
962 809 1010 843 18,

243 860 273 895 3,
288 860 316 887 1.
360 859 412 888 Ob
431 867 511 897 quas
532 867 642 887 causas
666 858 790 896 possint
812 866 876 886 non
897 858 1007 896 recipi.

243 908 274 938 ii.
290 909 338 944 18,
352 909 381 944 3,
396 909 425 937 1.
468 908 541 943 Quo
561 917 637 937 casu
658 907 838 937 mutabiles.
865 907 899 936 ii.
915 908 963 943 18,
977 909 1009 944 3,

244 960 275 989 2.
316 959 475 988 Referunt
489 967 658 997 personam
673 958 840 987 mittentis
870 958 902 987 ii.
918 960 967 995 18,
979 960 1008 995 4,

245 1009 276 1039 5.
318 1007 399 1038 Jure
414 1008 497 1038 civili
519 1009 581 1037 loci
600 1008 654 1037 ubi
673 1011 748 1037 sunt
766 1017 830 1037 non
846 1011 1008 1038 tenentur.

245 1058 277 1087 ii.
293 1060 341 1095 18,
363 1060 392 1095 4,
411 1060 442 1088 5.
484 1058 655 1087 Habentur
674 1058 765 1095 quasi
790 1061 895 1087 essent
920 1062 1010 1087 extra

245 1108 453 1137 territorium.
475 1107 553 1136 ibid.
589 1107 751 1136 Delictum
766 1116 824 1145 per
838 1116 932 1145 quem
948 1117 1009 1146 pu-

246 1158 407 1188 niendum.
438 1158 471 1186 ii.
488 1159 535 1194 18,
555 1159 584 1193 4,
602 1158 631 1193 5,
646 1158 675 1187 7.
717 1157 780 1186 Per
801 1158 930 1186 modum
956 1158 1010 1187 de-

245 1209 398 1239 fensionis
413 1208 513 1238 occidi
537 1211 593 1237 aut
616 1207 727 1246 repelli
747 1210 892 1246 possunt.
913 1208 946 1237 ii.
962 1210 1010 1244 18,

245 1262 275 1297 4,
290 1261 318 1290 7.
355 1261 408 1289 An
431 1258 690 1297 subjaceantjuri
710 1258 848 1287 talionis.
869 1258 900 1287 ii.
919 1260 966 1295 18,
981 1260 1010 1296 7,

245 1312 275 1339 2.
317 1309 440 1339 Domus
455 1319 494 1338 an
510 1318 568 1347 pro
583 1309 680 1347 asylo.
700 1309 733 1337 ii.
749 1309 796 1344 18,
810 1309 841 1345 8,
857 1310 875 1337 2

205 1360 401 1399 Legatorum
411 1360 475 1397 jus.
497 1360 529 1387 ii.
548 1360 595 1394 18,
610 1360 637 1394 1,
654 1360 682 1395 1,
698 1357 726 1386 &
742 1360 772 1393 3,
788 1360 815 1386 1.
838 1358 890 1387 An
906 1359 1011 1389 valeat

245 1410 331 1447 apud
347 1419 400 1438 eos
419 1410 459 1438 ad
482 1418 561 1447 quos
583 1417 646 1436 non
666 1408 846 1437 mittuntur.
869 1409 901 1439 ii.
916 1411 965 1446 18,
980 1412 1010 1440 5.

245 1459 364 1489 Valeat
378 1459 409 1487 in
424 1459 518 1488 bello.
540 1458 572 1487 ii.
588 1459 638 1493 18,
652 1457 671 1486 6

208 1508 406 1548 Legatorum
428 1509 559 1538 comites
580 1517 620 1537 an
641 1508 847 1537 inviolabiles.
871 1508 902 1538 ii.
920 1509 967 1544 18,
982 1509 1011 1544 8,

246 1560 277 1588 1.
319 1558 411 1587 Bona
432 1566 473 1586 an
497 1557 619 1594 possint
646 1565 704 1595 pro
728 1557 836 1586 debito
861 1557 944 1595 capi.
978 1557 1010 1587 ii.

246 1608 294 1642 18,
309 1607 329 1638 9

207 1656 347 1695 Legatos
363 1655 438 1694 (ob)
451 1655 584 1684 violatos
598 1656 693 1686 bella.
714 1656 744 1686 ii.
760 1656 808 1693 18,
823 1657 860 1685 11

206 1707 275 1737 Lex
290 1708 376 1746 quid.
397 1707 418 1736 i.
435 1709 463 1743 1,
476 1707 506 1743 9,
522 1709 550 1743 1,
565 1709 583 1736 2

207 1758 277 1787 Lex
290 1757 389 1786 Mosis
405 1757 574 1795 dupliciter
588 1757 736 1787 sumitur.
756 1756 775 1785 i.
794 1757 822 1792 2,
837 1756 865 1791 6,
880 1756 909 1785 4.
945 1754 1010 1783 Ju-

247 1808 376 1837 diciaria
390 1806 515 1845 quando
531 1809 564 1836 et
577 1806 736 1844 quomodo
747 1806 883 1834 sublata.
905 1805 925 1834 i.
941 1806 969 1840 2,
979 1805 1010 1840 8,

247 1858 275 1888 7.
317 1857 391 1886 Νοιι
407 1857 503 1885 habet
518 1856 606 1894 prius
622 1859 654 1884 et
668 1856 837 1894 posteriuS.
866 1855 898 1884 ii.
914 1856 945 1892 5,
962 1856 1010 1890 13,

245 1906 275 1934 5.
303 1904 378 1934 Vide
392 1903 415 1933 J
418 1913 454 1932 us
470 1904 651 1933 Hebraeum.

210 1953 279 1985 Lex
293 1963 356 1982 non
372 1962 497 1991 semper
510 1952 634 1982 irritum
653 1952 730 1982 facit
747 1953 833 1991 quod
847 1954 944 1981 vetat.
976 1951 1009 1981 ii.

249 2004 280 2040 5,
296 2001 384 2038 16,(ἳῦ
400 2004 449 2039 13,
464 2004 493 2032 4.
516 2003 711 2040 Imperfecta
725 2002 864 2040 Ulpiano
875 2011 955 2039 quae.
976 2001 1008 2030 ii.

248 2054 278 2088 5,
294 2053 342 2091 16,
359 2054 386 2083 1.
429 2053 480 2081 De
506 2053 647 2081 Sabbato
672 2055 704 2081 et
728 2053 767 2081 de
789 2052 918 2080 decimis
934 2059 1012 2089 quo-

250 2103 346 2131 modo
360 2102 400 2131 ad
419 2102 617 2131 Christianos
636 2102 806 2140 pertineat.
836 2100 855 2130 i.
872 2102 903 2138 1,
917 2101 966 2137 17,
982 2101 1012 2129 5.

250 2153 341 2181 Idem
356 2154 464 2190 potest
478 2152 563 2189 quod
578 2160 749 2180 consensus
767 2159 944 2188 expressus,
968 2149 1011 2179 iii.

251 2204 301 2239 13,
316 2203 346 2238 1,
361 2204 391 2230 2.
433 2202 472 2229 In
489 2201 736 2239 praesumptione
750 2201 827 2229 facti
846 2210 909 2228 non
930 2200 1012 2229 exis-

249 2251 348 2280 tentis
371 2250 516 2285 fundata,
545 2258 585 2278 an
617 2249 748 2287 obliget.
790 2250 822 2279 ii.
851 2251 899 2287 11,
924 2249 953 2285 6,
979 2251 1010 2279 2.

249 2300 396 2330 Romana
416 2299 455 2327 de
468 2298 550 2327 laesis
565 2298 651 2327 ultra
665 2298 827 2327 dimidium
843 2299 946 2337 pretii.
978 2299 1010 2329 ii.

249 2351 297 2385 12,
317 2350 364 2384 12,
385 2350 414 2377 2.
458 2348 569 2377 Occidi
597 2348 735 2386 aliquem
757 2349 947 2385 permittens
970 2358 1011 2378 an

249 2398 473 2427 conscientiam
486 2398 610 2434 liberet,
622 2400 654 2426 et
667 2398 805 2435 quando.
828 2398 859 2427 ii.
873 2400 903 2433 1,
919 2400 967 2434 14,
982 2401 1011 2428 1.

251 2449 330 2482 Quae
341 2448 433 2483 feras,
447 2447 559 2485 pisces,
573 2456 646 2476 aves
660 2448 729 2485 regi
744 2448 871 2483 addicit,
886 2457 949 2477 non
965 2449 1012 2477 in-

243 2498 342 2536 justa.
363 2498 394 2526 ii.
410 2498 438 2533 3,
452 2498 481 2527 5.
511 2496 609 2526 Justa
632 2506 702 2535 quae
724 2500 812 2526 vetat
834 2498 920 2536 quod
937 2499 1012 2536 jure

249 2550 371 2576 naturae
387 2547 471 2575 licet.
489 2547 565 2576 ibid.
606 2546 657 2575 De
672 2546 866 2584 usucapione
880 2556 919 2575 an
938 2556 1010 2585 per-

249 2597 350 2626 tineat
364 2597 404 2625 ad
418 2605 577 2625 summum
591 2596 770 2634 imperium,
784 2599 840 2625 aut
855 2596 922 2635 ejus
936 2605 1010 2635 par-

249 2648 307 2675 tes.
327 2645 359 2675 ii.
374 2647 403 2682 4,
420 2647 467 2681 12,
482 2647 499 2674 1

211 2695 308 2734 Legis
335 2695 416 2724 ratio
442 2694 678 2733 particulariter
703 2704 828 2725 cessans
857 2705 965 2726 casum
992 2707 1012 2727 a

249 2746 321 2784 lege
342 2755 405 2774 non
429 2746 547 2775 eximit.
582 2746 602 2774 i.
628 2747 657 2783 3,
681 2747 710 2782 5,
734 2748 765 2775 3.
806 2746 1011 2785 Dispensatio

249 2803 358 2833 regem
374 2804 436 2823 non
457 2795 589 2832 obligat.
619 2795 651 2824 ii.
668 2797 715 2831 14,
731 2797 779 2832 13,
795 2798 823 2825 1.
867 2797 1011 2826 Cessatio

251 2844 283 2872 in
309 2844 492 2881 particulari
517 2845 682 2882 dispositio
710 2848 758 2874 est
781 2846 821 2874 ad
846 2846 1011 2884 dispensa-

253 2892 384 2921 tionem.
404 2892 436 2922 ii.
451 2894 501 2929 20,
517 2893 566 2923 26.
608 2893 764 2922 Conditor
777 2903 817 2922 an
833 2903 866 2923 se
880 2895 1012 2935 obliget,

254 2943 286 2971 et
301 2943 466 2978 quatenus.
478 2940 510 2970 ii.
525 2943 553 2977 4,
569 2942 617 2977 12,
631 2944 660 2976 1,
674 2941 702 2971 St
717 2951 784 2980 cap.
799 2943 847 2978 20,
861 2944 909 2979 24,
925 2946 941 2973 l

631 194 799 229 INDEX
829 193 1014 229 RERUM
1044 191 1448 234 PRAECIPUARUM,

1075 308 1144 338 Lex
1160 308 1296 338 Hebraea
1309 318 1349 337 an
1366 308 1536 347 prohibeat
1558 307 1694 338 divortia
1717 310 1750 338 et
1768 307 1880 337 matri-

1115 358 1223 387 monia
1238 358 1377 396 plurium
1392 368 1538 389 uxorum.
1552 358 1585 388 ii.
1600 360 1629 394 2,
1643 359 1672 394 9,
1683 360 1710 394 1,
1724 360 1744 388 3

1077 407 1165 445 Lege
1181 407 1245 446 (in)
1263 408 1383 446 poenali
1397 408 1599 446 dispensandi
1621 417 1716 437 causa
1736 416 1817 446 quae.
1847 406 1882 436 ii.

1117 460 1167 496 20,
1183 460 1230 495 24,
1246 460 1265 488 3

1077 507 1182 546 Leges
1196 508 1338 546 poenales
1359 511 1416 538 aut
1437 508 1587 538 coactivae
1609 508 1714 537 locum
1736 517 1800 537 non
1824 507 1883 536 ha-

1117 560 1195 589 bent
1210 559 1293 588 eirca
1306 563 1396 589 aetus
1410 569 1535 598 regum.
1566 559 1599 588 ii.
1615 561 1664 595 14,
1680 561 1708 595 1,
1721 558 1748 587 &a
1762 560 1792 593 2,
1807 560 1836 594 2,
1850 559 1883 589 2.

1117 608 1271 638 Romanae
1287 609 1326 638 de
1341 609 1566 638 contractibus.
1588 609 1620 637 ii.
1638 610 1685 645 12,
1701 610 1748 644 12,
1762 610 1792 639 2.
1813 608 1882 637 Ro-

1117 668 1282 688 manorum
1296 659 1437 697 poenales
1452 660 1482 688 in
1499 668 1562 697 quo
1576 659 1702 697 iniqnae.
1726 659 1759 689 ii.
1773 659 1821 694 20,
1832 659 1882 688 33.

1118 710 1198 744 Quae
1213 710 1367 748 obligent.
1397 709 1439 738 iii.
1455 710 1505 743 23,
1521 710 1550 745 5,
1564 710 1594 739 3.
1636 709 1669 738 A
1691 707 1883 738 Christianis

1116 759 1193 788 ferri
1208 762 1338 797 possent
1361 759 1478 787 similes
1502 758 1678 794 Hebraicis,
1703 758 1762 787 nisi
1785 757 1883 787 trium

1117 817 1282 838 causarum
1307 808 1416 847 aliqua
1443 809 1560 837 obstet.
1601 808 1621 837 i.
1648 810 1676 844 1,
1700 809 1747 844 17,
1766 807 1796 837 5.
1838 806 1883 836 Et

1118 861 1301 887 contractus
1315 858 1439 887 misceri
1454 860 1600 896 possunt.
1629 858 1662 887 ii.
1679 859 1726 894 14,
1741 858 1771 888 9.
1807 857 1883 886 Non

1118 917 1228 937 omnes
1251 908 1406 946 obligant.
1437 908 1469 938 ii.
1496 909 1543 944 14,
1561 910 1610 944 12,
1625 910 1661 945 23
1681 908 1724 937 iii.
1740 909 1791 944 23,
1807 908 1837 944 5,
1851 909 1883 937 3.

1119 959 1200 994 Quae
1214 958 1381 987 validiores
1396 958 1421 987 si
1436 967 1510 987 casu
1521 958 1706 996 confligant.
1726 958 1760 987 ii.
1775 958 1823 994 16,
1833 957 1883 995 29,

1118 1010 1145 1038 1.
1181 1008 1366 1038 Interficere
1380 1008 1503 1046 aliquos
1517 1009 1740 1046 permittentes
1754 1008 1883 1046 quando

1112 1058 1167 1097 jus
1187 1058 1348 1087 interdum
1365 1058 1452 1094 dent,
1468 1058 1597 1096 quando
1619 1058 1721 1086 solam
1743 1057 1883 1095 impuni-

1118 1111 1229 1137 tatem.
1259 1108 1289 1137 ii.
1315 1109 1363 1143 20,
1388 1108 1437 1137 17.
1480 1108 1534 1136 An
1559 1107 1705 1146 obligent
1727 1115 1884 1136 summam

1117 1161 1322 1197 potestatem.
1345 1158 1375 1187 ii.
1393 1160 1423 1192 4,
1440 1159 1489 1195 12,
1507 1160 1543 1194 1;
1561 1158 1591 1187 ii.
1609 1159 1658 1193 20,
1671 1158 1757 1194 24,1.
1783 1156 1884 1192 Quasi

1117 1211 1225 1246 pacta.
1253 1207 1283 1236 ii.
1301 1209 1349 1243 11,
1364 1209 1392 1243 1,
1406 1209 1435 1236 3.
1480 1207 1596 1237 Civiles
1620 1207 1763 1245 quaedam
1786 1206 1882 1243 plane

1117 1258 1254 1295 injustae.
1275 1257 1307 1286 ii.
1323 1258 1352 1292 7,
1369 1259 1405 1293 1;
1430 1257 1463 1286 ii.
1486 1258 1535 1292 14,
1558 1258 1606 1293 12,
1622 1258 1658 1294 23
1682 1256 1726 1286 iii.
1747 1258 1794 1292 23,
1809 1257 1838 1292 5,
1851 1257 1883 1286 3.

1118 1308 1275 1337 Humanae
1296 1308 1441 1346 quaedam
1465 1307 1637 1346 praecipere
1656 1309 1792 1345 possunt
1810 1315 1883 1335 cum

1118 1359 1231 1387 mortis
1255 1358 1397 1395 periculo
1420 1357 1628 1386 observanda.
1656 1356 1676 1385 i.
1702 1357 1731 1394 4,
1754 1356 1784 1390 7,
1808 1357 1836 1392 2,
1850 1356 1883 1386 3.

1119 1408 1298 1437 Humanius
1312 1410 1387 1436 sunt
1400 1407 1658 1445 interpretandae.
1679 1405 1758 1436 ibid.
1787 1405 1884 1441 Quae.

1119 1458 1201 1494 dam,
1218 1458 1311 1486 etiam
1327 1458 1453 1492 divinae,
1475 1457 1605 1486 tacitam
1628 1457 1748 1486 habent
1767 1464 1882 1494 excep-

1118 1507 1239 1536 tionem
1267 1516 1397 1536 summae
1425 1506 1632 1536 necessitatis.
1665 1506 1686 1535 i.
1707 1507 1736 1542 4,
1755 1506 1784 1542 7,
1805 1507 1833 1541 1,
1853 1506 1884 1536 3.

1118 1557 1308 1595 Respiciunt
1321 1557 1353 1586 id
1369 1558 1455 1595 quod
1469 1557 1658 1595 plerumque
1671 1556 1795 1585 accidit.
1819 1556 1839 1585 i.
1853 1557 1883 1590 4,

1117 1608 1147 1643 4,
1161 1608 1191 1636 3.
1226 1606 1315 1635 Ferri
1330 1609 1464 1644 possunt
1477 1609 1632 1644 tempore,
1647 1615 1710 1643 quo
1724 1614 1884 1634 summum

1116 1655 1284 1694 imperium
1306 1656 1485 1685 amittatur.
1520 1655 1551 1684 ii.
1577 1657 1606 1691 4,
1631 1656 1680 1691 12,
1703 1656 1733 1685 2.
1774 1654 1825 1683 De
1847 1663 1884 1683 re

1117 1706 1273 1743 promissa
1287 1714 1358 1743 quae
1373 1705 1528 1743 obligant.
1550 1705 1582 1733 ii.
1593 1706 1622 1740 4,
1631 1706 1660 1741 4,
1671 1706 1699 1734 2.
1740 1704 1885 1743 Injustae,

1118 1764 1189 1792 quae
1235 1755 1432 1792 propinquos
1473 1753 1655 1782 nocentium
1697 1753 1883 1783 innocentes

1117 1803 1253 1833 interfici
1282 1804 1408 1842 jubent.
1458 1803 1490 1833 ii.
1525 1805 1575 1838 21,
1597 1804 1645 1840 15,
1679 1805 1709 1841 1,
1739 1802 1767 1833 δῦ
1789 1805 1837 1840 12,
1853 1805 1882 1833 1.

1119 1854 1237 1883 Civiles
1258 1854 1297 1883 de
1312 1853 1475 1892 promissis
1489 1853 1658 1883 minorum.
1680 1853 1713 1882 ii.
1730 1855 1778 1890 11,
1792 1855 1822 1890 5,
1832 1855 1852 1883 2

1078 1904 1238 1942 Legitima
1252 1913 1292 1932 an
1309 1904 1380 1942 lege
1391 1904 1530 1932 humana
1544 1903 1614 1932 tolli
1629 1904 1739 1942 possit,
1755 1907 1787 1934 et
1801 1913 1884 1943 qua-

1118 1956 1223 1984 tenus.
1245 1955 1278 1984 ii.
1295 1955 1323 1990 7,
1338 1955 1368 1991 4,
1385 1955 1405 1983 3

1078 2002 1201 2041 Legum
1213 2003 1284 2032 finis
1294 2008 1325 2032 et
1335 2003 1482 2032 efficacia.
1498 2003 1530 2031 ii.
1542 2004 1588 2039 12,
1598 2004 1646 2040 12,
1656 2004 1684 2032 2.
1706 2002 1883 2033 Diversitas

1118 2053 1202 2081 circa
1217 2053 1430 2082 venditionem
1445 2055 1478 2081 et
1492 2052 1674 2082 emtionem.
1698 2052 1730 2082 ii.
1743 2054 1792 2089 12,
1803 2054 1852 2090 15,
1863 2055 1882 2083 1

1081 2102 1174 2132 Λεία.
1196 2101 1240 2131 iii.
1257 2101 1286 2138 6,
1300 2103 1348 2137 20,
1364 2103 1383 2130 2

1079 2150 1210 2180 Lenitas
1232 2151 1264 2179 in
1287 2154 1431 2180 errantes
1453 2152 1537 2181 circa
1560 2151 1674 2181 divina.
1706 2151 1738 2181 ii.
1762 2153 1812 2190 20,
1833 2152 1884 2190 50,

1120 2198 1147 2228 δι
1164 2201 1191 2235 ι,
1206 2200 1236 2237 2,
1252 2199 1271 2227 5

1079 2247 1177 2277 Liber
1196 2248 1291 2276 homo
1306 2247 1502 2286 postliminio
1516 2248 1677 2287 quomodo
1696 2249 1816 2278 redeat.
1836 2248 1881 2278 iii.

1118 2298 1147 2333 9,
1162 2298 1191 2327 5.
1233 2297 1297 2326 Sua
1311 2300 1496 2335 recuperat:
1524 2307 1563 2327 an
1579 2301 1612 2327 et
1626 2298 1772 2328 alienata.
1793 2298 1837 2328 iii.
1851 2298 1883 2335 9,

1118 2347 1147 2383 6,
1163 2349 1191 2383 1,
1205 2347 1224 2375 2

1078 2397 1227 2426 Liberam
1254 2395 1323 2425 fore
1348 2395 1575 2433 Carthaginem
1598 2396 1758 2433 quomodo
1782 2396 1883 2427 iuter-

1117 2446 1323 2484 pretandum.
1343 2445 1375 2474 ii.
1391 2444 1441 2482 16,
1457 2447 1495 2474 15

1078 2495 1185 2525 Liberi
1200 2495 1335 2524 filiarum
1357 2495 1473 2525 alendi.
1503 2495 1537 2525 ii.
1552 2496 1580 2531 7,
1596 2497 1626 2531 4,
1640 2496 1673 2525 3.
1713 2495 1882 2533 Pignorari

1117 2554 1154 2573 ac
1168 2544 1262 2573 vendi
1276 2554 1295 2573 a
1308 2544 1494 2582 parentibus
1508 2545 1635 2583 quando
1649 2544 1784 2583 possint.
1804 2545 1839 2576 ii.
1851 2545 1883 2582 5,

1116 2596 1145 2624 5.
1188 2593 1251 2623 «Ius
1275 2594 1416 2632 ipsorum
1440 2595 1473 2623 in
1496 2595 1624 2624 liberos.
1650 2595 1684 2624 ii.
1707 2595 1737 2630 5,
1757 2595 1786 2624 7.
1828 2594 1882 2624 Ex

1118 2643 1306 2681 quibusdam
1332 2644 1541 2673 matrimoniis
1564 2643 1783 2682 impediuntur
1808 2652 1882 2673 suc-

1117 2692 1239 2722 cedere.
1261 2693 1296 2722 ii.
1310 2693 1339 2729 7,
1352 2694 1381 2729 8,
1396 2694 1425 2729 2,
1439 2695 1469 2723 3.
1512 2693 1564 2722 Ob
1580 2696 1749 2731 parentum
1764 2693 1882 2723 delicta

1116 2750 1181 2770 non
1196 2742 1360 2779 puniendi.
1382 2742 1413 2771 ii.
1430 2744 1481 2778 21,
1498 2743 1548 2778 13,
1565 2744 1593 2778 1,
1606 2743 1626 2771 3

1078 2790 1200 2820 Liberis
1215 2800 1254 2819 an
1269 2791 1446 2820 debeantur
1464 2791 1627 2828 alimenta,
1650 2793 1683 2820 et
1697 2800 1760 2830 quo
1774 2799 1882 2822 sensu.

1112 2839 1145 2868 ii.
1160 2839 1188 2875 7,
1203 2840 1233 2875 4,
1248 2841 1277 2869 1.
1319 2843 1373 2868 An
1395 2839 1500 2868 alendi
1521 2840 1618 2878 vulgo
1639 2840 1774 2878 quaesiti,
1794 2842 1827 2870 et
1840 2847 1881 2869 ex

1116 2888 1238 2917 incesto
1253 2888 1330 2917 nati.
1353 2888 1384 2918 ii.
1401 2889 1430 2924 7,
1444 2890 1473 2924 4,
1487 2889 1515 2924 2,
1529 2889 1550 2917 3

1078 2936 1211 2967 Liberos
1225 2937 1360 2976 cogendi
1368 2937 1433 2975 juS.
1455 2937 1487 2967 ii.
1501 2937 1530 2973 5,
1545 2938 1573 2973 2,
1587 2937 1617 2973 3,
1631 2938 1652 2967 4
