1971 3326
152 214 242 250 CAP.
263 213 311 257 L]
372 214 597 248 REGULAE
631 212 933 248 GENERALES
965 213 1035 247 EX
1066 214 1196 248 JURE
1228 212 1468 249 NATURAE.
1566 208 1614 246 21

381 326 450 361 Illo
471 325 561 359 mihi
583 325 719 359 invisus
740 325 881 370 paritor
901 335 984 358 cum
1006 324 1176 358 faucibus
1198 325 1285 365 orci,

383 383 495 428 Cujus
517 393 620 417 mens
641 382 741 416 aliud
765 381 891 416 condit
912 392 1022 427 quain
1043 381 1169 426 lingua
1189 381 1371 426 profatur.

154 447 390 505 SOPhOCleS,
1637 456 1829 510 {magedam

383 517 515 551 Aliena
534 526 621 550 vero
642 516 811 561 proloqui
833 526 1021 560 nunquam
1043 515 1168 550 decet:
1654 494 1667 516 I
1796 503 1801 508 ⁸

381 574 431 608 At
451 585 538 608 vcra
559 576 698 607 certam
719 573 749 606 si
770 573 828 606 cui
851 577 994 618 pestem
1014 572 1153 613 serunt,

382 631 480 665 Huic
501 630 624 664 danda
645 629 751 663 venia
772 633 827 663 est
848 629 877 663 si
900 629 989 663 facit
1009 629 1109 674 quod
1130 640 1205 663 non
1227 628 1345 663 dccet.

154 696 169 720 ⁵
180 695 399 737 Cleobulus
416 712 424 738 :

381 763 619 799 Mendacium
640 763 718 798 odit
738 763 901 808 quisquis
922 763 1096 797 animitus
1118 764 1225 808 sapit.

155 834 399 876 Aristoteles
431 834 550 883 dixit,
578 831 671 877 κατ’
699 830 809 876 αὐτὸ
839 830 892 876 τὸ
925 830 1005 884 μὲν
1031 828 1189 891 ψεῦδος
1216 835 1391 894 φαῦλον
1418 831 1484 875 καὶ
1511 833 1618 889 ψεκ-
1637 844 1803 898 ᾗϋιιῖὲ-Νιίπ

154 898 247 949 τὸν,
273 898 328 943 τὸ
363 895 407 943 δὲ
431 897 589 952 ἀληθὲς
626 897 758 943 καλὸν
785 900 851 942 καὶ
882 896 1124 943 ἐπαινετόν·
1153 914 1236 954 per
1270 913 1312 940 se
1347 900 1619 939 mendacium

155 975 277 1022 turpe
298 975 426 1021 atque
447 966 744 1020 vituperabile,
766 967 929 1007 veritas
946 966 1137 1020 pulchra
1160 980 1212 1006 ac
1238 965 1489 1006 laudabilis.

256 1034 282 1074 2
328 1033 475 1087 Neque
498 1037 636 1073 tamen
663 1031 778 1073 deest
800 1030 842 1072 in
865 1031 1039 1073 alteram
1074 1044 1236 1085 quoque
1260 1035 1419 1086 partem
1442 1028 1618 1071 auctori-

153 1103 244 1140 tas:
279 1097 456 1153 primum
487 1097 530 1139 in
562 1096 687 1138 sacris
718 1096 847 1138 literis
875 1096 1064 1152 exempla
1098 1094 1378 1137 tlaudatorum
1410 1095 1620 1137 hominum

157 1164 244 1205 sine
265 1163 594 1219 reprehensionis
618 1168 742 1204 nota:
777 1162 925 1204 deinde
950 1168 1137 1204 veterum
1168 1161 1494 1204 Christianorum
1525 1176 1619 1216 pro-

155 1229 354 1278 nuntiata,
390 1228 595 1286 Origenis,
628 1228 864 1280 Clementis,
897 1227 1152 1277 Tertulliani,
1185 1227 1403 1276 Lactantii,
1437 1228 1621 1283 Chryso-

156 1295 289 1345 stomi,
314 1294 575 1350 Hieronymi,
603 1293 799 1342 Cassiani,
825 1293 906 1335 imo
930 1307 1035 1349 pene
1068 1293 1260 1342 omnium,
1285 1298 1333 1334 ut
1356 1292 1442 1349 ipse
1465 1293 1620 1334 fatetur

155 1361 424 1417 Augustinus,
457 1360 516 1402 ita
550 1359 804 1409 dissentiens,
838 1366 885 1401 ut
920 1364 1058 1400 tamen
1095 1374 1300 1414 maqnam
1335 1360 1618 1414 qaaestionem,

157 1428 414 1469 latebrosam
450 1428 761 1474 tractationem,
799 1427 1132 1480 disputationem
1166 1427 1280 1466 inter
1315 1427 1457 1466 doctos
1492 1427 1620 1466 alter-

154 1500 328 1535 nantem
353 1493 458 1546 (haec
480 1491 586 1533 enim
610 1491 746 1532 omnia
768 1491 894 1547 ipsius
918 1491 1045 1533 verba
1069 1492 1180 1544 sunt)
1201 1496 1409 1547 agnoscat.

245 1560 272 1600 3
321 1558 439 1600 Inter
462 1557 724 1614 philosophos
742 1563 887 1613 aperte
911 1556 1006 1597 hinc
1028 1562 1139 1598 stant
1159 1557 1349 1598 Socrates
1373 1561 1416 1597 et
1437 1554 1622 1611 discipuli

153 1622 241 1679 ejus
265 1623 397 1673 Plato,
433 1624 678 1679 Xenophon,
716 1629 758 1665 et
793 1623 942 1664 alicubi
975 1622 1132 1673 Cicero,
1166 1627 1220 1670 et,
1257 1621 1291 1662 si
1319 1620 1542 1663 Plutarcho
1574 1636 1621 1663 ac
1639 1636 1697 1660 Lib.
1712 1636 1729 1660 i.
1743 1635 1807 1660 etii.

1638 1670 1664 1690 et
1676 1674 1700 1690 v.
1712 1668 1744 1691 cle
1757 1668 1821 1697 Rep.

156 1689 408 1740 Quintiliano
432 1689 648 1739 credimus,
686 1688 824 1739 Stoici,
861 1688 931 1744 qui
960 1688 1069 1730 inter
1101 1686 1295 1744 sapientis
1319 1687 1435 1729 dotes
1463 1694 1621 1743 ponunt
1637 1697 1835 1758 ffl‘'g²·§5§⁰{g³‘⁶

1639 1759 1711 1813 glut.
1722 1789 1754 1813 de
1761 1788 1842 1813 Stoic-

1638 1820 1801 1844 contradict.

153 1856 191 1885 de
212 1856 322 1894 quibus
344 1856 510 1893 scripturae
528 1864 588 1883 non
609 1855 781 1891 increpant,
801 1854 854 1882 sed
918 1853 951 1881 in
975 1853 1056 1881 libro
1082 1852 1205 1881 Gallico
1232 1852 1284 1881 De
1311 1852 1470 1881 Doctrina
1496 1851 1622 1880 Morali
1638 1850 1840 1880 pp.1055‚1056.

152 1906 336 1944 simpliciter
358 1908 428 1933 sunt
442 1904 564 1941 posim,
588 1912 643 1931 nos
665 1912 724 1931 non
747 1903 854 1932 debere
919 1903 1064 1939 Patrzcm,
1080 1910 1149 1940 cap.
1162 1902 1204 1932 iii.
1222 1901 1238 1940 ἓ
1256 1903 1284 1932 7.
1325 1902 1360 1931 J.
1374 1901 1431 1940 R]
1640 1882 1800 1936 ,ἶῗῑξῙΜι“

143 1955 224 1992 fieri
251 1957 458 1984 accusatores.
499 1952 602 1981 Locus
627 1954 675 1981 est
699 1952 779 1980 libro
807 1960 853 1982 iv.

151 1806 255 1845 byteri
285 1805 486 1835 institutione
520 1805 630 1834 didicit
663 1805 851 1842 docuitque:
919 1813 989 1841 cap.
1005 1804 1052 1833 50.
1098 1803 1195 1840 [Vide
1211 1811 1281 1840 quae
1296 1802 1335 1830 de
1350 1811 1387 1831 eo
1401 1801 1472 1830 loco
1486 1801 1621 1830 diximus

154 2116 375 2151 introduced
395 2116 445 2162 by
469 2115 533 2151 the
554 2115 739 2162 arbitrary
759 2116 886 2152 choice
912 2117 954 2151 of
979 2116 1213 2158 individuals,
1238 2119 1304 2150 not
1328 2127 1368 2150 as
1393 2115 1422 2150 it
1452 2126 1548 2150 were
1571 2115 1622 2162 by

153 2184 327 2209 common
344 2177 509 2214 consent,
530 2173 602 2207 and
620 2174 650 2207 is
668 2173 757 2208 such
775 2185 797 2207 a
817 2178 961 2208 custom
977 2185 1016 2208 as
1034 2174 1142 2208 binds
1160 2184 1209 2207 no
1229 2183 1310 2207 one.

225 2230 294 2264 IX.
349 2234 366 2264 1
399 2231 506 2264 More
527 2241 639 2275 grave
660 2231 689 2264 is
711 2230 775 2265 the
803 2231 975 2276 question
1004 2230 1228 2275 concerning
1249 2229 1357 2264 those
1379 2229 1478 2274 signs
1500 2228 1621 2263 which

153 2286 291 2332 belong
307 2290 345 2321 to
367 2287 431 2321 the
454 2287 558 2321 usual
574 2288 802 2322 intercourse
829 2288 872 2321 of
892 2299 990 2329 men,
1011 2287 1086 2321 and
1106 2291 1145 2321 to
1163 2286 1294 2327 which,
1315 2286 1422 2320 when
1446 2287 1538 2320 used
1560 2286 1623 2320 de-

154 2343 333 2389 ceitfully,
347 2344 413 2378 lies
429 2344 604 2390 properly
621 2344 768 2389 belong.
822 2344 944 2379 There
961 2356 1024 2379 are
1045 2355 1157 2389 many
1176 2354 1348 2389 passages
1364 2343 1509 2388 against
1521 2343 1623 2389 lying

153 2401 193 2434 in
210 2400 274 2434 the
294 2401 514 2446 Scriptures,
533 2402 642 2435 Prov.
659 2401 733 2434 xiii.
749 2406 791 2442 53
815 2412 896 2436 xxx,
918 2405 956 2442 83
978 2401 1104 2435 Psalm
1121 2412 1154 2435 V.
1170 2402 1213 2441 73
1241 2400 1378 2434 Coloss.
1393 2400 1444 2434 iii.
1466 2404 1497 2434 9.
1536 2400 1623 2433 And

153 2457 360 2503 Augustine
385 2458 415 2492 is
439 2457 534 2502 rigid
560 2468 607 2491 on
631 2457 705 2492 this
726 2457 815 2498 side,
836 2469 875 2492 as
896 2469 960 2492 are
986 2468 1088 2492 some
1111 2457 1153 2491 of
1180 2456 1244 2491 the
1269 2455 1525 2502 philosophers
1549 2456 1624 2489 and

153 2518 273 2560 poets.
337 2514 387 2548 So
409 2514 562 2555 Homer,
589 2513 802 2559 Sophocles,
831 2514 1031 2549 Cleobulus
1065 2511 1207 2558 [rather
1230 2513 1447 2553 Menander,
1481 2513 1518 2547 J.
1545 2508 1624 2555 B.],

154 2570 343 2605 Aristotle.

232 2631 254 2661 2
288 2626 410 2661 There
427 2637 501 2667 are,
522 2626 703 2668 however,
728 2627 948 2663 authorities
969 2639 1017 2663 on
1038 2627 1102 2662 the
1124 2626 1233 2661 other
1258 2625 1359 2666 side;
1383 2625 1474 2665 first,
1498 2635 1623 2659 exam-

155 2684 235 2730 ples
253 2683 296 2718 of
312 2694 464 2729 persons
486 2684 525 2717 in
553 2684 744 2729 Scripture
765 2684 846 2719 who
868 2685 947 2719 told
978 2685 1058 2725 lies,
1083 2683 1157 2717 and
1177 2682 1258 2716 who
1276 2693 1339 2716 are
1363 2686 1430 2716 not
1452 2681 1620 2716 blamed:

157 2741 232 2775 and
258 2745 357 2782 next,
384 2741 554 2786 opinions
587 2740 630 2774 of
656 2740 721 2774 the
748 2740 810 2774 old
841 2741 1056 2780 Christians,
1083 2740 1232 2784 Origen,
1265 2738 1447 2780 Clemens,
1476 2738 1624 2772 Tertul-

157 2798 245 2839 lian,
278 2798 506 2838 Lactantius,
544 2797 793 2843 Chrysostom,
828 2798 991 2839 Jerome,
1023 2797 1174 2831 Cassian
1185 2808 1195 2836 3
1227 2795 1361 2829 indeed
1398 2795 1532 2830 almost
1563 2795 1625 2836 all,

158 2865 197 2889 as
217 2854 424 2900 Augustine
444 2854 597 2889 himself
614 2853 812 2888 confesses.

235 2915 256 2947 3
293 2911 440 2957 Among
451 2911 514 2946 the
530 2911 799 2957 philosophers,
815 2921 870 2945 we
880 2909 974 2944 have
989 2909 1176 2955 evidently
1193 2920 1242 2944 on
1255 2908 1328 2944 this
1345 2909 1423 2944 side
1442 2909 1626 2949 Socrates,

157 2968 233 3003 and
252 2968 308 3003 his
334 2968 504 3014 disciples
529 2968 637 3003 Plato
666 2968 739 3002 and
768 2967 981 3012 Xenophon
990 2979 1000 3008 3
1030 2967 1104 3002 and
1130 2968 1168 3001 in
1199 2978 1300 3003 some
1332 2966 1455 3013 places
1485 2966 1626 3006 Cicero,
