1971 3326
148 884 216 908 chd.
230 883 267 907 xi.
277 883 317 914 23,

145 915 185 944 24,
198 915 236 943 27.

148 1076 159 1099 1
176 1077 247 1100 Sam.
262 1084 327 1101 xxx.

150 1108 189 1136 18,
201 1108 239 1131 20.

150 1202 208 1227 Lib.
222 1202 256 1226 vi.
271 1203 309 1227 36.

371 157 453 196 1141
599 164 666 198 DE
697 164 827 198 JURE
858 156 1184 204 AOQUIRENDI
1214 165 1377 199 BELLO
1411 164 1585 199 CAPTA.
1648 163 1838 207 [Lm.111.

368 279 507 316 tamen
532 273 676 315 validis
697 273 739 315 in
764 273 1013 316 contrarium
1038 273 1347 328 probationibus
1374 273 1503 328 possit
1525 273 1634 315 elidi.
1694 274 1839 329 Atque

369 340 427 382 ita
455 339 497 380 in
528 340 750 381 Hollandia
777 345 919 380 nostra
948 338 1034 393 jam
1065 338 1173 387 olim,
1204 352 1311 379 anno
1342 338 1493 380 scilicet
1518 339 1592 379 cIo
1608 353 1685 380 ccc
1701 354 1839 381 xxxm

369 406 574 462 flagrante
602 421 691 446 cum
724 404 939 446 Ansiaticis
963 404 1082 454 bello,
1116 403 1322 460 frequenti
1354 409 1500 446 senatu
1520 403 1761 460 judicatum,
1796 411 1838 447 et

369 486 421 513 ex
440 471 623 527 judicato
647 471 688 511 in
713 470 846 526 legem
868 469 1077 511 transiisse
1101 469 1293 526 comperi.

468 537 569 579 VH.
629 538 652 577 1
702 536 809 577 Illud
840 550 939 577 vero
971 541 1091 577 extra
1121 535 1442 578 controversiam
1473 540 1548 585 est,
1580 535 1614 577 si
1637 535 1707 591 jus
1737 551 1840 593 gen-

367 601 470 643 tium
506 601 756 657 respicimus,
795 616 887 657 quae
919 602 1104 643 hostibus
1135 617 1210 658 per
1245 616 1318 644 nos
1350 608 1496 658 erepta
1527 607 1634 651 sunt,
1671 616 1721 644 ea
1754 617 1837 644 non

367 682 486 723 posse
519 668 718 709 vindicari
746 668 799 709 ab
824 667 887 709 his
919 669 989 723 qui
1011 674 1106 710 ante
1137 669 1275 710 hostes
1306 674 1468 710 nostros
1496 683 1546 710 ea
1569 668 1838 723 possederant

368 739 410 776 et
442 734 548 776 bello
580 734 827 776 amiserant:
864 734 960 790 quia
986 734 1055 790 jus
1079 734 1263 791 gentium
1287 735 1425 776 hostes
1452 734 1629 790 primum
1653 733 1837 775 dominos

367 799 465 842 fecit
495 800 672 842 dominio
705 806 892 849 externo,
925 800 1072 842 deinde
1100 815 1199 843 nos:
1226 815 1308 856 quo
1333 801 1429 857 jure
1458 801 1567 843 inter
1589 799 1670 841 alia
1696 805 1838 842 tuetur

369 880 412 908 se
436 868 464 908 J
468 867 642 922 ephthes
660 873 805 908 contra
826 866 1092 919 Ammonitas,
1119 867 1215 922 quia
1237 882 1338 924 ager
1354 867 1422 908 ille
1447 881 1567 922 quem
1591 866 1838 907 Ammonitae

368 932 630 975 vindicabant
653 933 748 975 belli
759 932 855 988 jure
879 933 931 974 ab
953 933 1214 981 Ammonitis‚
1240 939 1286 974 ut
1310 939 1352 975 et
1373 947 1468 988 pars
1492 932 1573 974 alia
1596 947 1622 973 a
1645 931 1839 973 Moabitis

369 998 423 1040 ad
463 999 688 1049 Amoraeos,
725 1000 777 1040 ab
818 999 1019 1040 Amoraeis
1059 999 1113 1040 ad
1151 999 1353 1040 Hebraeos
1384 998 1622 1040 transiisset.
1676 992 1762 1039 iSic
1797 1002 1840 1039 et

369 1065 508 1106 David
534 1066 643 1121 quod
661 1065 747 1121 ipse
773 1064 1020 1112 Amalecitis‚
1049 1064 1286 1106 Amalecitae
1309 1070 1432 1107 antea
1450 1063 1678 1106 Palaestinis
1702 1063 1838 1120 eripu-

370 1137 502 1181 erant,
525 1146 600 1187 pro
624 1146 695 1172 suo
718 1131 844 1172 habet
864 1144 912 1171 ac
935 1129 1091 1172 dividit.

468 1199 494 1238 2
542 1197 658 1238 Titus
698 1196 876 1253 Largius
913 1196 1023 1251 apud
1063 1196 1310 1254 Dionysium
1352 1196 1758 1239 Halicarnassensem
1794 1195 1837 1238 in

369 1269 514 1305 senatu
546 1264 732 1304 Romano
754 1258 871 1303 kcum
896 1262 1033 1304 Volsci
1062 1262 1156 1303 olim
1185 1277 1370 1318 possessa
1393 1268 1643 1319 repeterent,
1674 1267 1838 1304 senten-

368 1329 468 1370 tiam
493 1329 548 1371 sic
573 1329 701 1371 dixit:
735 1326 807 1371 ὅτι
835 1325 1042 1378 εΡωμαῖοι
1068 1331 1309 1376 καλλίστας
1336 1326 1709 1383 ὑπολαμβάνομεν
1732 1326 1838 1380 κτή-

370 1414 458 1441 σεις
483 1397 587 1439 εἶναι
614 1395 681 1438 καὶ
707 1390 998 1444 δικαιοτάτας,
1023 1389 1069 1442 ἃς
1095 1393 1391 1457 κατάσχωμεν
1413 1392 1592 1452 πολέμῳ
1614 1391 1838 1450 λαβόντες

368 1460 438 1505 καὶ
473 1459 593 1519 νόμῳ,
631 1461 698 1504 καὶ
730 1458 802 1505 οὐκ
830 1456 881 1504 ἂν
917 1457 1217 1515 ὑπομείναιμεν
1246 1463 1386 1522 μωρίᾳ
1419 1459 1498 1514 τήν
1527 1459 1692 1521 ἀρετήν
1721 1457 1835 1522 ἀφα-Ι

369 1529 493 1577 νίσαι,
525 1523 796 1587 παραδόντες
821 1523 958 1572 αὐτάς
985 1527 1077 1572 τοῖς
1107 1525 1432 1573 α’πολωλεκόσι.
1481 1524 1758 1579 κοινωνητέον
1783 1546 1838 1570 τε

368 1596 478 1638 πᾶσι
505 1594 574 1638 καὶ
598 1595 692 1641 τοῖς
715 1591 763 1637 ἐκ
788 1590 960 1637 τούτων
980 1592 1221 1652 ’γενομένοις
1240 1596 1504 1638 καταλιπεῖν
1521 1590 1835 1652 ἀγωνιούμεθα·

349 1663 435 1703 -νῦν
471 1656 514 1703 δὲ
546 1657 839 1720 ὑπαρχόντων
876 1655 952 1712 ἤδη
983 1658 1302 1719 στερησόμεθα,
1338 1660 1407 1703 καὶ
1436 1658 1611 1706 ἑαυτούς
1643 1657 1727 1703 ὅσα
1759 1679 1837 1703 πο-

365 1727 538 1776 λεμίους
573 1725 835 1786 βλάψομεν.
911 1728 1102 1768 Romam*
1137 1741 1212 1768 uos
1248 1728 1566 1769 honestissimas
1601 1741 1674 1768 eas
1704 1734 1838 1781 atque

355 1794 626 1846 justissimas
671 1795 883 1836 credimus
920 1794 1213 1848 possessiones,
1261 1808 1371 1848 quas
1412 1794 1511 1835 belli
1556 1794 1641 1848 Zeyc
1683 1800 1837 1847 captas

365 1860 597 1900 habemus:
629 1874 761 1914 neque
797 1874 894 1901 vcro
929 1860 1080 1900 induci
1109 1874 1339 1913 possumus
1371 1867 1416 1901 ut
1450 1860 1586 1901 stulta
1607 1859 1838 1913 facilitate

366 1925 581 1966 deleamus
612 1926 794 1966 virtutis
818 1932 1104 1977 monumenta,
1136 1927 1176 1967 si
1199 1940 1272 1966 cas
1296 1926 1388 1967 illis
1418 1926 1656 1967 reddamus
1684 1926 1838 1980 quibus

365 2038 517 2068 mercium
533 2037 706 2067 commissis
721 2047 788 2075 cap.
799 2039 828 2074 2,
844 2037 889 2076 §9
904 2038 988 2067 inter
1002 2037 1068 2075 ejus
1137 2038 1266 2067 reticam
1282 2048 1319 2067 11.
1335 2039 1419 2077 Reg.
1433 2039 1494 2069 xvi.
1510 2037 1543 2070 6:
1578 2039 1658 2078 [Sed
1673 2039 1768 2069 lectio
1782 2039 1838 2069 illa

365 2088 518 2126 opuscula
532 2096 633 2116 exerc.
649 2088 668 2116 8
683 2090 714 2116 et
727 2088 964 2126 Bynkershoek‚
980 2087 1017 2125 Q.
1028 2087 1067 2117 F.
1136 2088 1249 2118 vitiosa
1270 2093 1326 2119 est.
1368 2090 1450 2119 Vide
1470 2090 1514 2119 ibi
1537 2090 1666 2120 Clariss.
1688 2090 1836 2120 CLERIGI

368 2139 462 2168 Publ.
479 2138 498 2166 i.
517 2139 565 2166 14.
607 2137 642 2166 J.
659 2137 714 2175 B.]
1137 2139 1265 2169 Notam.
1306 2140 1342 2170 J.
1356 2140 1415 2179 B.]

426 2188 434 2209 ἱ
456 2189 510 2217 Sic
524 2191 552 2217 et
566 2187 693 2225 David]
717 2188 767 2217 Sic
782 2187 882 2216 Resin
898 2196 953 2216 rex
969 2186 1067 2226 Syriae
1196 2188 1210 2209 k
1234 2189 1312 2218 Cum
1328 2190 1445 2229 Volsci]
1467 2191 1518 2220 De
1528 2190 1616 2221 Veiis
1629 2190 1713 2220 idem
1727 2191 1759 2219 in
1771 2191 1838 2220 Ro-

365 2239 513 2268 Elotham
530 2238 651 2274 urbem,
675 2247 745 2275 quae
760 2238 974 2266 Idumaeorum
996 2238 1066 2266 fue-
1136 2239 1223 2268 mulo
1243 2243 1350 2269 narrat
1368 2240 1576 2270 Plutarchus:
1599 2239 1710 2276 Οὐήϊοι
1731 2240 1839 2279 α’ρχιῑν

366 2292 427 2326 rat,
442 2297 505 2317 non
521 2288 669 2317 Idumaeis
685 2288 739 2316 sed
755 2288 839 2326 Syris
859 2288 990 2316 tradidit
1010 2288 1065 2316 ha-
1137 2286 1340 2321 ἐποιήσαντο
1354 2286 1504 2325 πολέμου
1520 2286 1657 2325 φιόήνας
1676 2286 1837 2316 ‹ivam-ctu

365 2339 540 2373 bitandam,
567 2339 739 2368 secundum
760 2338 930 2367 lectionem
960 2339 1066 2367 Maso*
1136 2337 1178 2367 ὠς
1191 2336 1427 2375 προσήκουσαν
1441 2338 1564 2366 αὺτοῖς.
1591 2336 1633 2365 τὸ
1654 2336 1751 2366 δὀὐκ
1765 2336 1834 2366 ἅδι-

363 2504 504 2550 judged
534 2505 571 2538 in
598 2503 667 2538 full
696 2507 824 2538 senate
857 2504 907 2550 by
933 2515 1001 2539 our
1035 2504 1260 2540 Hollanders
1285 2504 1323 2538 in
1350 2507 1453 2545 1333,
1474 2502 1581 2538 when
1609 2514 1632 2537 a
1660 2513 1736 2537 war
1761 2513 1835 2538 was

368 2563 498 2607 raging
518 2560 608 2596 with
625 2561 689 2596 the
707 2562 833 2596 Hanse
853 2566 990 2603 towns3
1016 2562 1089 2596 and
1107 2562 1171 2597 the
1186 2562 1385 2607 judgment
1408 2561 1474 2595 has
1491 2560 1646 2595 become
1663 2560 1744 2595 law.

437 2619 523 2653 VII.
574 2623 591 2652 1
626 2619 700 2652 But
720 2618 793 2653 this
811 2619 840 2653 is
864 2619 1013 2665 beyond
1031 2623 1278 2665 controversy,
1298 2619 1330 2653 if
1346 2619 1400 2653 w'e
1425 2618 1512 2652 look
1532 2621 1571 2652 at
1592 2617 1656 2652 the
1673 2616 1778 2651 Laws
1795 2615 1840 2651 of

368 2676 538 2716 Nations,
554 2675 637 2710 that
653 2675 759 2710 those
778 2676 900 2721 things
924 2676 1042 2711 which
1064 2688 1116 2711 we
1134 2677 1219 2711 take
1240 2676 1338 2711 from
1355 2687 1424 2710 our
1444 2675 1605 2710 enemies
1630 2677 1766 2708 cannot
1786 2673 1834 2708 be

368 2732 567 2766 reclaimed
581 2733 629 2778 by
643 2732 748 2767 those
763 2733 842 2767 who
854 2734 1045 2779 possessed
1057 2733 1159 2768 them
1177 2733 1305 2768 before
1318 2733 1382 2767 the
1399 2743 1544 2777 enemy,
1560 2730 1633 2764 and
1646 2730 1717 2765 lost
1729 2730 1833 2766 them

370 2790 408 2822 in
426 2801 520 2830 war3
551 2789 710 2824 because
740 2790 804 2824 the
835 2791 903 2824 law
928 2791 970 2825 of
996 2792 1142 2825 nations
1167 2791 1247 2825 first
1272 2790 1381 2825 made
1411 2789 1515 2823 them
1540 2798 1680 2822 owners
1706 2788 1833 2832 prima

358 2847 469 2892 ficcz'e,
487 2847 559 2879 and
576 2847 666 2881 then
680 2859 732 2882 us.
777 2848 861 2881 And
875 2859 923 2882 on
940 2848 1013 2882 this
1029 2848 1185 2893 ground,
1199 2858 1334 2892 among
1350 2846 1486 2886 others,
1499 2845 1523 2879 J
1526 2844 1665 2889 ephtha
1677 2844 1832 2878 defends

369 2902 521 2935 himself
538 2904 681 2947 against
699 2904 762 2938 the
789 2904 1030 2946 Ammonitos,
1053 2906 1210 2940 because
1236 2904 1300 2938 the
1321 2903 1408 2937 land
1426 2901 1544 2935 which
1569 2901 1632 2935 tho
1654 2901 1832 2935 Ammon-

368 2959 438 2993 ites
456 2959 613 2993 claimed
630 2960 703 2994 had
719 2962 851 3005 passed
869 2962 917 3007 by
932 2962 994 2996 the
1012 2962 1079 2996 law
1097 2962 1139 2996 of
1150 2973 1223 2995 war
1239 2961 1337 2994 from
1354 2960 1417 2994 the
1435 2959 1678 3000 Ammonites,
1694 2969 1733 2993 as
1754 2958 1832 2992 also
