<?xml version="1.0" encoding="UTF-8"?>
<!DOCTYPE html PUBLIC "-//W3C//DTD XHTML 1.0 Transitional//EN"
    "http://www.w3.org/TR/xhtml1/DTD/xhtml1-transitional.dtd">
<html xmlns="http://www.w3.org/1999/xhtml" xml:lang="en" lang="en">
 <head>
  <title>
</title>
<meta http-equiv="Content-Type" content="text/html;charset=utf-8" />
  <meta name='ocr-system' content='tesseract 3.04.00' />
  <meta name='ocr-capabilities' content='ocr_page ocr_carea ocr_par ocr_line ocrx_word'/>
</head>
<body>
  <div class='ocr_page' id='page_1' title='image "./dejurebellietpac03grotuoft_0416.png"; bbox 0 0 1971 3326; ppageno 0'>
   <div class='ocr_carea' id='block_1_1' title="bbox 391 200 1863 251">
    <p class='ocr_par' dir='ltr' id='par_1_1' title="bbox 391 200 1863 251">
     <span class='ocr_line' id='line_1_1' title="bbox 391 200 1863 251; baseline 0.001 -11"><span class='ocrx_word' id='word_1_1' title='bbox 391 200 476 240; x_wconf 81' lang='grc'>406</span> <span class='ocrx_word' id='word_1_2' title='bbox 788 206 1091 249; x_wconf 79' lang='lat' dir='ltr'><strong>CONOLUSIO,</strong></span> <span class='ocrx_word' id='word_1_3' title='bbox 1122 207 1231 243; x_wconf 89' lang='lat' dir='ltr'>CUM</span> <span class='ocrx_word' id='word_1_4' title='bbox 1261 205 1477 241; x_wconf 85' lang='lat' dir='ltr'>MONITIS</span> <span class='ocrx_word' id='word_1_5' title='bbox 1679 202 1863 251; x_wconf 79' lang='lat' dir='ltr'>[L113.111.</span> 
     </span>
    </p>
   </div>
   <div class='ocr_carea' id='block_1_2' title="bbox 392 314 1866 573">
    <p class='ocr_par' dir='ltr' id='par_1_2' title="bbox 392 314 1865 426">
     <span class='ocr_line' id='line_1_2' title="bbox 392 314 1865 372; baseline 0 -14"><span class='ocrx_word' id='word_1_6' title='bbox 392 331 485 372; x_wconf 85' lang='lat' dir='ltr'>quae</span> <span class='ocrx_word' id='word_1_7' title='bbox 508 315 715 359; x_wconf 88' lang='lat' dir='ltr'>hominem</span> <span class='ocrx_word' id='word_1_8' title='bbox 738 315 972 359; x_wconf 90' lang='lat' dir='ltr'>hominibus</span> <span class='ocrx_word' id='word_1_9' title='bbox 996 315 1275 359; x_wconf 83' lang='lat' dir='ltr'>insociabilem</span> <span class='ocrx_word' id='word_1_10' title='bbox 1307 315 1433 359; x_wconf 84' lang='lat' dir='ltr'>facit:</span> <span class='ocrx_word' id='word_1_11' title='bbox 1466 314 1575 358; x_wconf 84' lang='lat' dir='ltr'>adde</span> <span class='ocrx_word' id='word_1_12' title='bbox 1607 321 1650 358; x_wconf 87' lang='lat' dir='ltr'>et</span> <span class='ocrx_word' id='word_1_13' title='bbox 1680 316 1771 358; x_wconf 89' lang='lat' dir='ltr'>Deo</span> <span class='ocrx_word' id='word_1_14' title='bbox 1803 315 1865 358; x_wconf 92' lang='lat' dir='ltr'>in-</span> 
     </span>
     <span class='ocr_line' id='line_1_3' title="bbox 392 383 537 426; baseline 0.007 -1"><span class='ocrx_word' id='word_1_15' title='bbox 392 383 537 426; x_wconf 88' lang='lat' dir='ltr'>visum.</span> 
     </span>
    </p>

    <p class='ocr_par' dir='ltr' id='par_1_3' title="bbox 393 448 1866 573">
     <span class='ocr_line' id='line_1_4' title="bbox 494 448 1866 507; baseline 0 -15"><span class='ocrx_word' id='word_1_16' title='bbox 494 451 551 493; x_wconf 82' lang='lat'>11.</span> <span class='ocrx_word' id='word_1_17' title='bbox 617 450 782 493; x_wconf 83' lang='lat' dir='ltr'>Deinde</span> <span class='ocrx_word' id='word_1_18' title='bbox 805 451 848 491; x_wconf 89' lang='lat' dir='ltr'>in</span> <span class='ocrx_word' id='word_1_19' title='bbox 871 454 960 492; x_wconf 84' lang='lat' dir='ltr'>tota</span> <span class='ocrx_word' id='word_1_20' title='bbox 983 449 1080 492; x_wconf 92' lang='lat' dir='ltr'>belli</span> <span class='ocrx_word' id='word_1_21' title='bbox 1104 448 1460 492; x_wconf 80' lang='lat' dir='ltr'>administratione</span> <span class='ocrx_word' id='word_1_22' title='bbox 1484 464 1567 492; x_wconf 93' lang='lat' dir='ltr'>non</span> <span class='ocrx_word' id='word_1_23' title='bbox 1591 454 1729 507; x_wconf 89' lang='lat' dir='ltr'>potest</span> <span class='ocrx_word' id='word_1_24' title='bbox 1751 463 1866 492; x_wconf 88' lang='lat' dir='ltr'>secu-</span> 
     </span>
     <span class='ocr_line' id='line_1_5' title="bbox 393 515 1862 573; baseline -0.001 -13"><span class='ocrx_word' id='word_1_25' title='bbox 393 532 465 560; x_wconf 87' lang='lat' dir='ltr'>rus</span> <span class='ocrx_word' id='word_1_26' title='bbox 494 520 540 560; x_wconf 91' lang='lat' dir='ltr'>et</span> <span class='ocrx_word' id='word_1_27' title='bbox 569 518 660 559; x_wconf 90' lang='lat' dir='ltr'>Deo</span> <span class='ocrx_word' id='word_1_28' title='bbox 691 517 822 559; x_wconf 91' lang='lat' dir='ltr'>fidens</span> <span class='ocrx_word' id='word_1_29' title='bbox 845 515 1006 558; x_wconf 91' lang='lat' dir='ltr'>animus</span> <span class='ocrx_word' id='word_1_30' title='bbox 1037 516 1221 567; x_wconf 89' lang='lat' dir='ltr'>retineri,</span> <span class='ocrx_word' id='word_1_31' title='bbox 1246 516 1323 558; x_wconf 90' lang='lat' dir='ltr'>nisi</span> <span class='ocrx_word' id='word_1_32' title='bbox 1347 531 1511 573; x_wconf 86' lang='lat' dir='ltr'>semper</span> <span class='ocrx_word' id='word_1_33' title='bbox 1534 516 1577 558; x_wconf 89' lang='lat' dir='ltr'>in</span> <span class='ocrx_word' id='word_1_34' title='bbox 1601 531 1742 573; x_wconf 88' lang='lat' dir='ltr'>pacem</span> <span class='ocrx_word' id='word_1_35' title='bbox 1767 531 1862 573; x_wconf 93' lang='lat' dir='ltr'>pro-</span> 
     </span>
    </p>
   </div>
   <div class='ocr_carea' id='block_1_3' title="bbox 175 582 1867 641">
    <p class='ocr_par' dir='ltr' id='par_1_4' title="bbox 175 582 1867 641">
     <span class='ocr_line' id='line_1_6' title="bbox 175 582 1867 641; baseline 0 -15"><span class='ocrx_word' id='word_1_36' title='bbox 175 595 298 619; x_wconf 78' lang='lat' dir='ltr'>Orat-acl</span> <span class='ocrx_word' id='word_1_37' title='bbox 309 595 373 618; x_wconf 66' lang='lat' dir='ltr'>Coes-</span> <span class='ocrx_word' id='word_1_38' title='bbox 393 590 565 641; x_wconf 89' lang='lat' dir='ltr'>spectet.</span> <span class='ocrx_word' id='word_1_39' title='bbox 623 583 851 626; x_wconf 86' lang='lat' dir='ltr'>Verissime</span> <span class='ocrx_word' id='word_1_40' title='bbox 876 582 984 625; x_wconf 89' lang='lat' dir='ltr'>enim</span> <span class='ocrx_word' id='word_1_41' title='bbox 1016 583 1170 626; x_wconf 86' lang='lat' dir='ltr'>dictum</span> <span class='ocrx_word' id='word_1_42' title='bbox 1193 598 1219 626; x_wconf 92' lang='lat' dir='ltr'>a</span> <span class='ocrx_word' id='word_1_43' title='bbox 1245 583 1467 627; x_wconf 77' lang='lat' dir='ltr'>Sallustio:</span> <span class='ocrx_word' id='word_1_44' title='bbox 1502 585 1718 640; x_wconf 76' lang='lat' dir='ltr'>sapientes</span> <span class='ocrx_word' id='word_1_45' title='bbox 1733 585 1867 640; x_wconf 76' lang='lat' dir='ltr'>pacis</span> 
     </span>
    </p>
   </div>
   <div class='ocr_carea' id='block_1_4' title="bbox 174 626 240 650">
    <p class='ocr_par' dir='ltr' id='par_1_5' title="bbox 174 626 240 650">
     <span class='ocr_line' id='line_1_7' title="bbox 174 626 240 650; baseline 0.015 -1"><span class='ocrx_word' id='word_1_46' title='bbox 174 626 190 649; x_wconf 88' lang='lat' dir='ltr'>i.</span> <span class='ocrx_word' id='word_1_47' title='bbox 203 626 240 650; x_wconf 78' lang='lat'>40.</span> 
     </span>
    </p>
   </div>
   <div class='ocr_carea' id='block_1_5' title="bbox 171 649 1867 708">
    <p class='ocr_par' dir='ltr' id='par_1_6' title="bbox 171 649 1867 708">
     <span class='ocr_line' id='line_1_8' title="bbox 171 649 1867 708; baseline -0.001 -14"><span class='ocrx_word' id='word_1_48' title='bbox 171 663 375 698; x_wconf 55' lang='lat' dir='ltr'>Epist-205-ad</span> <span class='ocrx_word' id='word_1_49' title='bbox 392 666 529 693; x_wconf 72' lang='lat' dir='ltr'>causa</span> <span class='ocrx_word' id='word_1_50' title='bbox 559 651 712 692; x_wconf 70' lang='lat' dir='ltr'>bellum</span> <span class='ocrx_word' id='word_1_51' title='bbox 744 665 920 706; x_wconf 69' lang='lat' dir='ltr'>yerere:</span> <span class='ocrx_word' id='word_1_52' title='bbox 955 650 1020 692; x_wconf 89' lang='lat' dir='ltr'>cui</span> <span class='ocrx_word' id='word_1_53' title='bbox 1052 649 1244 708; x_wconf 84' lang='lat' dir='ltr'>congruit</span> <span class='ocrx_word' id='word_1_54' title='bbox 1264 649 1487 708; x_wconf 87' lang='lat' dir='ltr'>Augustini</span> <span class='ocrx_word' id='word_1_55' title='bbox 1515 649 1747 693; x_wconf 89' lang='lat' dir='ltr'>sententia:</span> <span class='ocrx_word' id='word_1_56' title='bbox 1783 665 1867 693; x_wconf 76' lang='lat' dir='ltr'>non</span> 
     </span>
    </p>
   </div>
   <div class='ocr_carea' id='block_1_6' title="bbox 174 695 269 724">
    <p class='ocr_par' dir='ltr' id='par_1_7' title="bbox 174 695 269 724">
     <span class='ocr_line' id='line_1_9' title="bbox 174 695 269 724; baseline -0.011 -4"><span class='ocrx_word' id='word_1_57' title='bbox 174 695 269 724; x_wconf 64' lang='lat' dir='ltr'>Bonis</span> 
     </span>
    </p>
   </div>
   <div class='ocr_carea' id='block_1_7' title="bbox 171 785 667 840">
    <p class='ocr_par' dir='ltr' id='par_1_8' title="bbox 171 785 667 840">
     <span class='ocr_line' id='line_1_10' title="bbox 171 785 667 840; baseline 0.01 -19"><span class='ocrx_word' id='word_1_58' title='bbox 171 798 216 822; x_wconf 72' lang='lat' dir='ltr'>vn.</span> <span class='ocrx_word' id='word_1_59' title='bbox 233 798 287 824; x_wconf 78' lang='lat'><em>1³02.</em></span> <span class='ocrx_word' id='word_1_60' title='bbox 301 797 327 822; x_wconf 88' lang='lat' dir='ltr'>ii.</span> <span class='ocrx_word' id='word_1_61' title='bbox 346 799 373 822; x_wconf 86' lang='lat' dir='ltr'>et</span> <span class='ocrx_word' id='word_1_62' title='bbox 391 785 667 840; x_wconf 75' lang='lat' dir='ltr'>acquiratur.</span> 
     </span>
    </p>
   </div>
   <div class='ocr_carea' id='block_1_8' title="bbox 170 830 226 855">
    <p class='ocr_par' dir='ltr' id='par_1_9' title="bbox 170 830 226 855">
     <span class='ocr_line' id='line_1_11' title="bbox 170 830 226 855; baseline 0.018 -3"><span class='ocrx_word' id='word_1_63' title='bbox 170 830 226 855; x_wconf 80' lang='lat' dir='ltr'>xiv.</span> 
     </span>
    </p>
   </div>
   <div class='ocr_carea' id='block_1_9' title="bbox 170 1326 352 1351">
    <p class='ocr_par' dir='ltr' id='par_1_10' title="bbox 170 1326 352 1351">
     <span class='ocr_line' id='line_1_12' title="bbox 170 1326 352 1351; baseline -0.005 0"><span class='ocrx_word' id='word_1_64' title='bbox 170 1327 245 1351; x_wconf 85' lang='lat' dir='ltr'>Rom.</span> <span class='ocrx_word' id='word_1_65' title='bbox 255 1326 301 1350; x_wconf 77' lang='lat' dir='ltr'>xii.</span> <span class='ocrx_word' id='word_1_66' title='bbox 316 1326 352 1350; x_wconf 85' lang='lat'>18.</span> 
     </span>
    </p>
   </div>
   <div class='ocr_carea' id='block_1_10' title="bbox 167 1530 357 1648">
    <p class='ocr_par' dir='ltr' id='par_1_11' title="bbox 167 1530 357 1648">
     <span class='ocr_line' id='line_1_13' title="bbox 170 1530 345 1559; baseline 0.006 -7"><span class='ocrx_word' id='word_1_67' title='bbox 170 1530 257 1553; x_wconf 81' lang='lat' dir='ltr'>Immo</span> <span class='ocrx_word' id='word_1_68' title='bbox 265 1530 345 1559; x_wconf 70' lang='lat' dir='ltr'>apud</span> 
     </span>
     <span class='ocr_line' id='line_1_14' title="bbox 168 1560 357 1589; baseline 0.016 -7"><span class='ocrx_word' id='word_1_69' title='bbox 168 1560 252 1583; x_wconf 76' lang='lat' dir='ltr'>Cicer.</span> <span class='ocrx_word' id='word_1_70' title='bbox 271 1560 357 1589; x_wconf 71' lang='lat' dir='ltr'>Epist.</span> 
     </span>
     <span class='ocr_line' id='line_1_15' title="bbox 168 1591 320 1614; baseline 0.007 -1"><span class='ocrx_word' id='word_1_71' title='bbox 168 1591 206 1614; x_wconf 73' lang='lat' dir='ltr'>ad</span> <span class='ocrx_word' id='word_1_72' title='bbox 223 1591 320 1614; x_wconf 74' lang='lat' dir='ltr'>Famil.</span> 
     </span>
     <span class='ocr_line' id='line_1_16' title="bbox 167 1620 237 1648; baseline 0.014 -4"><span class='ocrx_word' id='word_1_73' title='bbox 167 1620 202 1645; x_wconf 82' lang='lat' dir='ltr'>iv.</span> <span class='ocrx_word' id='word_1_74' title='bbox 215 1621 237 1648; x_wconf 93' lang='lat'>7.</span> 
     </span>
    </p>
   </div>
   <div class='ocr_carea' id='block_1_11' title="bbox 385 718 1867 1640">
    <p class='ocr_par' dir='ltr' id='par_1_12' title="bbox 385 718 1867 1094">
     <span class='ocr_line' id='line_1_17' title="bbox 385 718 1867 774; baseline 0 -15"><span class='ocrx_word' id='word_1_75' title='bbox 385 732 537 773; x_wconf 79' lang='lat' dir='ltr'>pacem</span> <span class='ocrx_word' id='word_1_76' title='bbox 564 718 714 773; x_wconf 56' lang='lat' dir='ltr'>quoerz]</span> <span class='ocrx_word' id='word_1_77' title='bbox 738 725 786 759; x_wconf 77' lang='lat' dir='ltr'>ut</span> <span class='ocrx_word' id='word_1_78' title='bbox 810 718 964 760; x_wconf 81' lang='lat' dir='ltr'>bellum</span> <span class='ocrx_word' id='word_1_79' title='bbox 988 726 1256 768; x_wconf 63' lang='lat' dir='ltr'>emerceatur,</span> <span class='ocrx_word' id='word_1_80' title='bbox 1282 719 1355 760; x_wconf 77' lang='lat' dir='ltr'>sed</span> <span class='ocrx_word' id='word_1_81' title='bbox 1381 718 1539 760; x_wconf 78' lang='lat' dir='ltr'>bellum</span> <span class='ocrx_word' id='word_1_82' title='bbox 1560 719 1668 773; x_wconf 71' lang='lat' dir='ltr'>yerz‘,</span> <span class='ocrx_word' id='word_1_83' title='bbox 1693 725 1742 759; x_wconf 77' lang='lat' dir='ltr'>ut</span> <span class='ocrx_word' id='word_1_84' title='bbox 1768 732 1867 774; x_wconf 74' lang='lat' dir='ltr'>paa·</span> 
     </span>
     <span class='ocr_line' id='line_1_18' title="bbox 738 783 1866 843; baseline 0 -18"><span class='ocrx_word' id='word_1_85' title='bbox 738 785 833 840; x_wconf 90' lang='lat' dir='ltr'>Ipse</span> <span class='ocrx_word' id='word_1_86' title='bbox 857 783 1108 827; x_wconf 88' lang='lat' dir='ltr'>Aristoteles</span> <span class='ocrx_word' id='word_1_87' title='bbox 1139 799 1222 826; x_wconf 91' lang='lat' dir='ltr'>non</span> <span class='ocrx_word' id='word_1_88' title='bbox 1255 784 1382 827; x_wconf 90' lang='lat' dir='ltr'>semel</span> <span class='ocrx_word' id='word_1_89' title='bbox 1410 790 1576 827; x_wconf 87' lang='lat' dir='ltr'>accusat</span> <span class='ocrx_word' id='word_1_90' title='bbox 1603 788 1749 843; x_wconf 86' lang='lat' dir='ltr'>gentes</span> <span class='ocrx_word' id='word_1_91' title='bbox 1773 796 1866 840; x_wconf 85' lang='lat' dir='ltr'>quae</span> 
     </span>
     <span class='ocr_line' id='line_1_19' title="bbox 390 850 1865 908; baseline -0.001 -15"><span class='ocrx_word' id='word_1_92' title='bbox 390 850 557 894; x_wconf 88' lang='lat' dir='ltr'>bellicas</span> <span class='ocrx_word' id='word_1_93' title='bbox 579 851 762 893; x_wconf 86' lang='lat' dir='ltr'>actiones</span> <span class='ocrx_word' id='word_1_94' title='bbox 783 850 899 907; x_wconf 86' lang='lat' dir='ltr'>quasi</span> <span class='ocrx_word' id='word_1_95' title='bbox 922 866 999 908; x_wconf 89' lang='lat' dir='ltr'>pro</span> <span class='ocrx_word' id='word_1_96' title='bbox 1020 851 1163 894; x_wconf 90' lang='lat' dir='ltr'>ultimo</span> <span class='ocrx_word' id='word_1_97' title='bbox 1189 852 1290 893; x_wconf 83' lang='lat' dir='ltr'>¹fine</span> <span class='ocrx_word' id='word_1_98' title='bbox 1321 851 1399 893; x_wconf 87' lang='lat' dir='ltr'>sibi</span> <span class='ocrx_word' id='word_1_99' title='bbox 1423 856 1718 908; x_wconf 80' lang='lat' dir='ltr'>proponerent.</span> <span class='ocrx_word' id='word_1_100' title='bbox 1785 851 1865 892; x_wconf 89' lang='lat' dir='ltr'>Fe-</span> 
     </span>
     <span class='ocr_line' id='line_1_20' title="bbox 389 917 1865 974; baseline -0.001 -14"><span class='ocrx_word' id='word_1_101' title='bbox 389 918 525 960; x_wconf 88' lang='lat' dir='ltr'>rinum</span> <span class='ocrx_word' id='word_1_102' title='bbox 564 917 761 974; x_wconf 87' lang='lat' dir='ltr'>quiddam</span> <span class='ocrx_word' id='word_1_103' title='bbox 796 917 858 960; x_wconf 87' lang='lat' dir='ltr'>vis</span> <span class='ocrx_word' id='word_1_104' title='bbox 893 924 968 967; x_wconf 90' lang='lat' dir='ltr'>est,</span> <span class='ocrx_word' id='word_1_105' title='bbox 1007 933 1100 974; x_wconf 86' lang='lat' dir='ltr'>quae</span> <span class='ocrx_word' id='word_1_106' title='bbox 1133 917 1177 959; x_wconf 88' lang='lat' dir='ltr'>in</span> <span class='ocrx_word' id='word_1_107' title='bbox 1211 917 1318 960; x_wconf 91' lang='lat' dir='ltr'>bello</span> <span class='ocrx_word' id='word_1_108' title='bbox 1354 917 1532 959; x_wconf 84' lang='lat' dir='ltr'>maxime</span> <span class='ocrx_word' id='word_1_109' title='bbox 1568 917 1746 960; x_wconf 90' lang='lat' dir='ltr'>eminet:</span> <span class='ocrx_word' id='word_1_110' title='bbox 1783 930 1865 972; x_wconf 91' lang='lat' dir='ltr'>quo</span> 
     </span>
     <span class='ocr_line' id='line_1_21' title="bbox 390 982 1866 1042; baseline -0.001 -15"><span class='ocrx_word' id='word_1_111' title='bbox 390 984 629 1042; x_wconf 86' lang='lat' dir='ltr'>diligentius</span> <span class='ocrx_word' id='word_1_112' title='bbox 647 984 873 1027; x_wconf 88' lang='lat' dir='ltr'>curandum</span> <span class='ocrx_word' id='word_1_113' title='bbox 897 990 960 1027; x_wconf 88' lang='lat' dir='ltr'>est</span> <span class='ocrx_word' id='word_1_114' title='bbox 982 990 1030 1027; x_wconf 90' lang='lat' dir='ltr'>ut</span> <span class='ocrx_word' id='word_1_115' title='bbox 1050 984 1308 1027; x_wconf 83' lang='lat' dir='ltr'>humanitate</span> <span class='ocrx_word' id='word_1_116' title='bbox 1327 989 1597 1041; x_wconf 82' lang='lat' dir='ltr'>temperetur,</span> <span class='ocrx_word' id='word_1_117' title='bbox 1617 998 1670 1026; x_wconf 91' lang='lat' dir='ltr'>ne</span> <span class='ocrx_word' id='word_1_118' title='bbox 1693 982 1866 1026; x_wconf 89' lang='lat' dir='ltr'>nimium</span> 
     </span>
     <span class='ocr_line' id='line_1_22' title="bbox 389 1051 1245 1094; baseline -0.002 0"><span class='ocrx_word' id='word_1_119' title='bbox 389 1051 500 1094; x_wconf 86' lang='lat' dir='ltr'>feras</span> <span class='ocrx_word' id='word_1_120' title='bbox 523 1051 721 1093; x_wconf 87' lang='lat' dir='ltr'>imitando</span> <span class='ocrx_word' id='word_1_121' title='bbox 745 1051 1000 1094; x_wconf 87' lang='lat' dir='ltr'>dediscamus</span> <span class='ocrx_word' id='word_1_122' title='bbox 1023 1051 1245 1093; x_wconf 87' lang='lat' dir='ltr'>hominem.</span> 
     </span>
    </p>

    <p class='ocr_par' dir='ltr' id='par_1_13' title="bbox 387 1116 1867 1574">
     <span class='ocr_line' id='line_1_23' title="bbox 490 1116 1867 1175; baseline -0.001 -16"><span class='ocrx_word' id='word_1_123' title='bbox 490 1119 569 1159; x_wconf 86' lang='lat' dir='ltr'><strong>III.</strong></span> <span class='ocrx_word' id='word_1_124' title='bbox 624 1119 714 1159; x_wconf 83' lang='lat' dir='ltr'>Pax</span> <span class='ocrx_word' id='word_1_125' title='bbox 734 1132 835 1175; x_wconf 87' lang='lat' dir='ltr'>ergo</span> <span class='ocrx_word' id='word_1_126' title='bbox 859 1123 951 1160; x_wconf 88' lang='lat' dir='ltr'>tuta</span> <span class='ocrx_word' id='word_1_127' title='bbox 975 1117 1074 1159; x_wconf 89' lang='lat' dir='ltr'>satis</span> <span class='ocrx_word' id='word_1_128' title='bbox 1093 1117 1239 1160; x_wconf 86' lang='lat' dir='ltr'>haberi</span> <span class='ocrx_word' id='word_1_129' title='bbox 1256 1116 1289 1160; x_wconf 85' lang='lat' dir='ltr'>si</span> <span class='ocrx_word' id='word_1_130' title='bbox 1313 1121 1462 1174; x_wconf 88' lang='lat' dir='ltr'>potest,</span> <span class='ocrx_word' id='word_1_131' title='bbox 1489 1122 1531 1160; x_wconf 90' lang='lat' dir='ltr'>et</span> <span class='ocrx_word' id='word_1_132' title='bbox 1554 1116 1867 1160; x_wconf 85' lang='lat' dir='ltr'>malefactorum</span> 
     </span>
     <span class='ocr_line' id='line_1_24' title="bbox 388 1183 1866 1226; baseline 0 0"><span class='ocrx_word' id='word_1_133' title='bbox 388 1189 432 1226; x_wconf 92' lang='lat' dir='ltr'>et</span> <span class='ocrx_word' id='word_1_134' title='bbox 466 1184 711 1226; x_wconf 87' lang='lat' dir='ltr'>damnorum</span> <span class='ocrx_word' id='word_1_135' title='bbox 747 1190 789 1226; x_wconf 86' lang='lat' dir='ltr'>et</span> <span class='ocrx_word' id='word_1_136' title='bbox 825 1189 1034 1226; x_wconf 89' lang='lat' dir='ltr'>sumtuum</span> <span class='ocrx_word' id='word_1_137' title='bbox 1070 1183 1370 1226; x_wconf 88' lang='lat' dir='ltr'>condonatione</span> <span class='ocrx_word' id='word_1_138' title='bbox 1409 1198 1492 1226; x_wconf 91' lang='lat' dir='ltr'>non</span> <span class='ocrx_word' id='word_1_139' title='bbox 1531 1184 1638 1226; x_wconf 89' lang='lat' dir='ltr'>male</span> <span class='ocrx_word' id='word_1_140' title='bbox 1678 1188 1866 1226; x_wconf 89' lang='lat' dir='ltr'>constat:</span> 
     </span>
     <span class='ocr_line' id='line_1_25' title="bbox 387 1249 1867 1307; baseline 0 -16"><span class='ocrx_word' id='word_1_141' title='bbox 387 1250 596 1307; x_wconf 86' lang='lat' dir='ltr'>praecipue</span> <span class='ocrx_word' id='word_1_142' title='bbox 618 1250 728 1293; x_wconf 89' lang='lat' dir='ltr'>inter</span> <span class='ocrx_word' id='word_1_143' title='bbox 755 1250 1026 1302; x_wconf 81' lang='lat' dir='ltr'>Christianos,</span> <span class='ocrx_word' id='word_1_144' title='bbox 1049 1250 1197 1306; x_wconf 90' lang='lat' dir='ltr'>quibus</span> <span class='ocrx_word' id='word_1_145' title='bbox 1221 1265 1363 1307; x_wconf 81' lang='lat' dir='ltr'>pacem</span> <span class='ocrx_word' id='word_1_146' title='bbox 1388 1265 1503 1292; x_wconf 88' lang='lat' dir='ltr'>suam</span> <span class='ocrx_word' id='word_1_147' title='bbox 1528 1249 1731 1292; x_wconf 89' lang='lat' dir='ltr'>Dominus</span> <span class='ocrx_word' id='word_1_148' title='bbox 1753 1249 1867 1306; x_wconf 85' lang='lat' dir='ltr'>lega-</span> 
     </span>
     <span class='ocr_line' id='line_1_26' title="bbox 387 1316 1864 1373; baseline -0.001 -14"><span class='ocrx_word' id='word_1_149' title='bbox 387 1317 459 1360; x_wconf 89' lang='lat' dir='ltr'>vit.</span> <span class='ocrx_word' id='word_1_150' title='bbox 534 1316 661 1373; x_wconf 91' lang='lat' dir='ltr'>Cujus</span> <span class='ocrx_word' id='word_1_151' title='bbox 691 1316 870 1373; x_wconf 88' lang='lat' dir='ltr'>optimus</span> <span class='ocrx_word' id='word_1_152' title='bbox 904 1317 1111 1373; x_wconf 82' lang='lat' dir='ltr'>interpres</span> <span class='ocrx_word' id='word_1_153' title='bbox 1145 1332 1219 1359; x_wconf 92' lang='lat' dir='ltr'>nos</span> <span class='ocrx_word' id='word_1_154' title='bbox 1244 1317 1344 1367; x_wconf 89' lang='lat' dir='ltr'>vult,</span> <span class='ocrx_word' id='word_1_155' title='bbox 1371 1322 1572 1373; x_wconf 90' lang='lat' dir='ltr'>quantum</span> <span class='ocrx_word' id='word_1_156' title='bbox 1597 1316 1689 1358; x_wconf 91' lang='lat' dir='ltr'>fieri</span> <span class='ocrx_word' id='word_1_157' title='bbox 1713 1321 1864 1372; x_wconf 87' lang='lat' dir='ltr'>potest,</span> 
     </span>
     <span class='ocr_line' id='line_1_27' title="bbox 387 1383 1865 1440; baseline -0.001 -15"><span class='ocrx_word' id='word_1_158' title='bbox 387 1388 588 1439; x_wconf 89' lang='lat' dir='ltr'>quantum</span> <span class='ocrx_word' id='word_1_159' title='bbox 625 1383 668 1425; x_wconf 92' lang='lat' dir='ltr'>in</span> <span class='ocrx_word' id='word_1_160' title='bbox 706 1383 823 1425; x_wconf 89' lang='lat' dir='ltr'>nobis</span> <span class='ocrx_word' id='word_1_161' title='bbox 859 1383 982 1425; x_wconf 91' lang='lat' dir='ltr'>situm</span> <span class='ocrx_word' id='word_1_162' title='bbox 1021 1388 1097 1433; x_wconf 86' lang='lat' dir='ltr'>cst,</span> <span class='ocrx_word' id='word_1_163' title='bbox 1130 1398 1222 1425; x_wconf 89' lang='lat' dir='ltr'>cum</span> <span class='ocrx_word' id='word_1_164' title='bbox 1264 1383 1452 1426; x_wconf 89' lang='lat' dir='ltr'>omnibus</span> <span class='ocrx_word' id='word_1_165' title='bbox 1486 1398 1628 1440; x_wconf 86' lang='lat' dir='ltr'>pacem</span> <span class='ocrx_word' id='word_1_166' title='bbox 1665 1397 1865 1439; x_wconf 71' lang='lat' dir='ltr'>quaerere.</span> 
     </span>
     <span class='ocr_line' id='line_1_28' title="bbox 387 1448 1866 1506; baseline -0.001 -14"><span class='ocrx_word' id='word_1_167' title='bbox 387 1450 481 1494; x_wconf 88' lang='lat' dir='ltr'>Viri</span> <span class='ocrx_word' id='word_1_168' title='bbox 505 1449 600 1492; x_wconf 90' lang='lat' dir='ltr'>boni</span> <span class='ocrx_word' id='word_1_169' title='bbox 625 1455 688 1492; x_wconf 89' lang='lat' dir='ltr'>est</span> <span class='ocrx_word' id='word_1_170' title='bbox 711 1449 829 1492; x_wconf 87' lang='lat' dir='ltr'>initia</span> <span class='ocrx_word' id='word_1_171' title='bbox 853 1450 950 1492; x_wconf 90' lang='lat' dir='ltr'>belli</span> <span class='ocrx_word' id='word_1_172' title='bbox 974 1449 1148 1492; x_wconf 88' lang='lat' dir='ltr'>invitum</span> <span class='ocrx_word' id='word_1_173' title='bbox 1173 1450 1393 1506; x_wconf 85' lang='lat' dir='ltr'>suscipere,</span> <span class='ocrx_word' id='word_1_174' title='bbox 1419 1455 1608 1493; x_wconf 81' lang='lat' dir='ltr'>extrema</span> <span class='ocrx_word' id='word_1_175' title='bbox 1631 1464 1714 1492; x_wconf 91' lang='lat' dir='ltr'>non</span> <span class='ocrx_word' id='word_1_176' title='bbox 1736 1448 1866 1492; x_wconf 89' lang='lat' dir='ltr'>liben-</span> 
     </span>
     <span class='ocr_line' id='line_1_29' title="bbox 388 1516 1390 1574; baseline 0 -15"><span class='ocrx_word' id='word_1_177' title='bbox 388 1523 453 1560; x_wconf 86' lang='lat' dir='ltr'>ter</span> <span class='ocrx_word' id='word_1_178' title='bbox 474 1516 693 1573; x_wconf 88' lang='lat' dir='ltr'>persequi:</span> <span class='ocrx_word' id='word_1_179' title='bbox 732 1522 778 1559; x_wconf 91' lang='lat' dir='ltr'>ut</span> <span class='ocrx_word' id='word_1_180' title='bbox 802 1517 914 1573; x_wconf 89' lang='lat' dir='ltr'>apud</span> <span class='ocrx_word' id='word_1_181' title='bbox 941 1516 1179 1559; x_wconf 82' lang='lat' dir='ltr'>Sallustium</span> <span class='ocrx_word' id='word_1_182' title='bbox 1204 1517 1390 1574; x_wconf 79' lang='lat' dir='ltr'>legimus,</span> 
     </span>
    </p>

    <p class='ocr_par' dir='ltr' id='par_1_14' title="bbox 480 1582 1867 1640">
     <span class='ocr_line' id='line_1_30' title="bbox 480 1582 1867 1640; baseline 0 -16"><span class='ocrx_word' id='word_1_183' title='bbox 480 1583 556 1626; x_wconf 92' lang='lat' dir='ltr'>IV.</span> <span class='ocrx_word' id='word_1_184' title='bbox 610 1582 722 1625; x_wconf 84' lang='lat' dir='ltr'>Satis</span> <span class='ocrx_word' id='word_1_185' title='bbox 746 1583 912 1639; x_wconf 89' lang='lat' dir='ltr'>quidem</span> <span class='ocrx_word' id='word_1_186' title='bbox 930 1583 1009 1625; x_wconf 87' lang='lat' dir='ltr'>hoc</span> <span class='ocrx_word' id='word_1_187' title='bbox 1032 1598 1158 1625; x_wconf 89' lang='lat' dir='ltr'>unum</span> <span class='ocrx_word' id='word_1_188' title='bbox 1184 1597 1272 1625; x_wconf 86' lang='lat' dir='ltr'>esse</span> <span class='ocrx_word' id='word_1_189' title='bbox 1297 1583 1437 1637; x_wconf 89' lang='lat' dir='ltr'>debet,</span> <span class='ocrx_word' id='word_1_190' title='bbox 1461 1583 1533 1626; x_wconf 89' lang='lat' dir='ltr'>sed</span> <span class='ocrx_word' id='word_1_191' title='bbox 1558 1588 1600 1625; x_wconf 92' lang='lat' dir='ltr'>et</span> <span class='ocrx_word' id='word_1_192' title='bbox 1623 1582 1867 1640; x_wconf 88' lang='lat' dir='ltr'>plerumque</span> 
     </span>
    </p>
   </div>
   <div class='ocr_carea' id='block_1_12' title="bbox 384 1712 1091 2150">
    <p class='ocr_par' dir='ltr' id='par_1_15' title="bbox 384 1712 1091 2150">
     <span class='ocr_line' id='line_1_31' title="bbox 447 1712 1090 1753; baseline -0.006 -9"><span class='ocrx_word' id='word_1_193' title='bbox 447 1714 455 1732; x_wconf 87' lang='lat'>¹</span> <span class='ocrx_word' id='word_1_194' title='bbox 480 1714 570 1744; x_wconf 85' lang='lat' dir='ltr'>Ante</span> <span class='ocrx_word' id='word_1_195' title='bbox 593 1714 799 1753; x_wconf 77' lang='lat' dir='ltr'>Stagyritam,</span> <span class='ocrx_word' id='word_1_196' title='bbox 828 1713 1013 1750; x_wconf 79' lang='lat' dir='ltr'>Praeceptor</span> <span class='ocrx_word' id='word_1_197' title='bbox 1041 1712 1090 1750; x_wconf 89' lang='lat' dir='ltr'>ip-</span> 
     </span>
     <span class='ocr_line' id='line_1_32' title="bbox 384 1761 1090 1802; baseline -0.006 -8"><span class='ocrx_word' id='word_1_198' title='bbox 384 1765 449 1794; x_wconf 86' lang='lat' dir='ltr'>sius</span> <span class='ocrx_word' id='word_1_199' title='bbox 473 1765 586 1793; x_wconf 66' lang='lat' dir='ltr'>Ptuo</span> <span class='ocrx_word' id='word_1_200' title='bbox 607 1764 673 1802; x_wconf 86' lang='lat' dir='ltr'>jam</span> <span class='ocrx_word' id='word_1_201' title='bbox 697 1763 729 1792; x_wconf 86' lang='lat' dir='ltr'>id</span> <span class='ocrx_word' id='word_1_202' title='bbox 750 1763 999 1800; x_wconf 83' lang='lat' dir='ltr'>vituperaverat,</span> <span class='ocrx_word' id='word_1_203' title='bbox 1021 1761 1090 1790; x_wconf 90' lang='lat' dir='ltr'>loco</span> 
     </span>
     <span class='ocr_line' id='line_1_33' title="bbox 384 1811 1090 1853; baseline -0.006 -10"><span class='ocrx_word' id='word_1_204' title='bbox 384 1815 513 1853; x_wconf 80' lang='lat' dir='ltr'>insigni,</span> <span class='ocrx_word' id='word_1_205' title='bbox 539 1814 594 1843; x_wconf 83' lang='lat' dir='ltr'>ubi</span> <span class='ocrx_word' id='word_1_206' title='bbox 616 1813 691 1843; x_wconf 90' lang='lat' dir='ltr'>boni</span> <span class='ocrx_word' id='word_1_207' title='bbox 714 1812 923 1851; x_wconf 83' lang='lat' dir='ltr'>Legislatoris</span> <span class='ocrx_word' id='word_1_208' title='bbox 946 1821 1013 1840; x_wconf 87' lang='lat' dir='ltr'>esse</span> <span class='ocrx_word' id='word_1_209' title='bbox 1036 1811 1090 1847; x_wconf 88' lang='lat' dir='ltr'>ait,</span> 
     </span>
     <span class='ocr_line' id='line_1_34' title="bbox 384 1862 1091 1903; baseline -0.004 -10"><span class='ocrx_word' id='word_1_210' title='bbox 384 1865 471 1903; x_wconf 84' lang='lat' dir='ltr'>pacis</span> <span class='ocrx_word' id='word_1_211' title='bbox 487 1874 598 1893; x_wconf 83' lang='lat' dir='ltr'>caussa</span> <span class='ocrx_word' id='word_1_212' title='bbox 612 1864 719 1902; x_wconf 89' lang='lat' dir='ltr'>potius</span> <span class='ocrx_word' id='word_1_213' title='bbox 735 1873 771 1893; x_wconf 86' lang='lat' dir='ltr'>ea</span> <span class='ocrx_word' id='word_1_214' title='bbox 786 1872 856 1901; x_wconf 87' lang='lat' dir='ltr'>quae</span> <span class='ocrx_word' id='word_1_215' title='bbox 872 1863 1035 1900; x_wconf 83' lang='lat' dir='ltr'>pertinent</span> <span class='ocrx_word' id='word_1_216' title='bbox 1050 1862 1091 1890; x_wconf 84' lang='lat' dir='ltr'>ad</span> 
     </span>
     <span class='ocr_line' id='line_1_35' title="bbox 386 1912 1091 1951; baseline -0.004 -9"><span class='ocrx_word' id='word_1_217' title='bbox 386 1914 516 1950; x_wconf 88' lang='lat' dir='ltr'>bellum,</span> <span class='ocrx_word' id='word_1_218' title='bbox 533 1923 627 1951; x_wconf 84' lang='lat' dir='ltr'>quam</span> <span class='ocrx_word' id='word_1_219' title='bbox 643 1913 774 1950; x_wconf 81' lang='lat' dir='ltr'>negotia</span> <span class='ocrx_word' id='word_1_220' title='bbox 789 1912 875 1950; x_wconf 87' lang='lat' dir='ltr'>pacis</span> <span class='ocrx_word' id='word_1_221' title='bbox 890 1912 965 1940; x_wconf 91' lang='lat' dir='ltr'>belli</span> <span class='ocrx_word' id='word_1_222' title='bbox 980 1920 1091 1940; x_wconf 86' lang='lat' dir='ltr'>caussa</span> 
     </span>
     <span class='ocr_line' id='line_1_36' title="bbox 385 1963 1089 1998; baseline -0.003 -6"><span class='ocrx_word' id='word_1_223' title='bbox 385 1963 542 1998; x_wconf 82' lang='lat' dir='ltr'>ordinare,</span> <span class='ocrx_word' id='word_1_224' title='bbox 565 1967 597 1992; x_wconf 86' lang='lat' dir='ltr'>et</span> <span class='ocrx_word' id='word_1_225' title='bbox 619 1963 659 1991; x_wconf 87' lang='lat' dir='ltr'>ad</span> <span class='ocrx_word' id='word_1_226' title='bbox 682 1963 811 1991; x_wconf 85' lang='lat' dir='ltr'>bellicas</span> <span class='ocrx_word' id='word_1_227' title='bbox 836 1963 976 1991; x_wconf 86' lang='lat' dir='ltr'>rationes</span> <span class='ocrx_word' id='word_1_228' title='bbox 998 1971 1089 1991; x_wconf 79' lang='lat' dir='ltr'>revo-</span> 
     </span>
     <span class='ocr_line' id='line_1_37' title="bbox 386 2011 1090 2049; baseline -0.004 -6"><span class='ocrx_word' id='word_1_229' title='bbox 386 2023 475 2043; x_wconf 84' lang='lat' dir='ltr'>care:</span> <span class='ocrx_word' id='word_1_230' title='bbox 506 2013 585 2042; x_wconf 81' lang='grc' dir='ltr'>Οὕτ’</span> <span class='ocrx_word' id='word_1_231' title='bbox 614 2013 654 2042; x_wconf 77' lang='grc' dir='ltr'>ἄν</span> <span class='ocrx_word' id='word_1_232' title='bbox 682 2011 860 2049; x_wconf 83' lang='grc' dir='ltr'>νομοθέτης</span> <span class='ocrx_word' id='word_1_233' title='bbox 888 2011 1036 2049; x_wconf 64' lang='grc' dir='ltr'>ἀκριβής,</span> <span class='ocrx_word' id='word_1_234' title='bbox 1062 2013 1090 2040; x_wconf 81' lang='grc' dir='ltr'>εἰ</span> 
     </span>
     <span class='ocr_line' id='line_1_38' title="bbox 385 2060 1088 2101; baseline -0.003 -10"><span class='ocrx_word' id='word_1_235' title='bbox 385 2062 429 2101; x_wconf 66' lang='grc' dir='ltr'>μή</span> <span class='ocrx_word' id='word_1_236' title='bbox 452 2062 552 2101; x_wconf 83' lang='grc' dir='ltr'>χάριν</span> <span class='ocrx_word' id='word_1_237' title='bbox 572 2061 698 2100; x_wconf 67' lang='grc' dir='ltr'>εἰρήνης</span> <span class='ocrx_word' id='word_1_238' title='bbox 719 2061 764 2090; x_wconf 65' lang='lat' dir='ltr'>‘ra&#39;</span> <span class='ocrx_word' id='word_1_239' title='bbox 784 2061 935 2098; x_wconf 71' lang='grc' dir='ltr'>πολεμοῦ</span> <span class='ocrx_word' id='word_1_240' title='bbox 956 2060 1088 2098; x_wconf 84' lang='grc' dir='ltr'>νομοθε-</span> 
     </span>
     <span class='ocr_line' id='line_1_39' title="bbox 385 2110 1089 2150; baseline -0.003 -9"><span class='ocrx_word' id='word_1_241' title='bbox 385 2115 443 2141; x_wconf 76' lang='grc' dir='ltr'>τοῖ</span> <span class='ocrx_word' id='word_1_242' title='bbox 464 2113 609 2150; x_wconf 81' lang='grc' dir='ltr'>μᾶλλον,</span> <span class='ocrx_word' id='word_1_243' title='bbox 638 2111 657 2146; x_wconf 78' lang='grc' dir='ltr'>ἣ</span> <span class='ocrx_word' id='word_1_244' title='bbox 680 2112 747 2140; x_wconf 69' lang='grc' dir='ltr'>’τῶν</span> <span class='ocrx_word' id='word_1_245' title='bbox 773 2110 967 2148; x_wconf 73' lang='grc' dir='ltr'>πολεμικῶν</span> <span class='ocrx_word' id='word_1_246' title='bbox 996 2110 1089 2140; x_wconf 71' lang='grc' dir='ltr'>ἕνεκα</span> 
     </span>
    </p>
   </div>
   <div class='ocr_carea' id='block_1_13' title="bbox 1160 1710 1866 2151">
    <p class='ocr_par' dir='ltr' id='par_1_16' title="bbox 1161 1710 1865 1800">
     <span class='ocr_line' id='line_1_40' title="bbox 1161 1710 1865 1750; baseline 0 -10"><span class='ocrx_word' id='word_1_247' title='bbox 1161 1711 1206 1740; x_wconf 72' lang='grc' dir='ltr'>τά</span> <span class='ocrx_word' id='word_1_248' title='bbox 1219 1712 1280 1746; x_wconf 66' lang='grc' dir='ltr'>τῆς</span> <span class='ocrx_word' id='word_1_249' title='bbox 1296 1710 1434 1748; x_wconf 75' lang='grc' dir='ltr'>εἰρήνης.</span> <span class='ocrx_word' id='word_1_250' title='bbox 1475 1711 1527 1741; x_wconf 86' lang='lat' dir='ltr'>De</span> <span class='ocrx_word' id='word_1_251' title='bbox 1541 1711 1650 1750; x_wconf 73' lang='lat' dir='ltr'>Leyz’b.</span> <span class='ocrx_word' id='word_1_252' title='bbox 1664 1711 1735 1741; x_wconf 84' lang='lat' dir='ltr'>Lib.</span> <span class='ocrx_word' id='word_1_253' title='bbox 1749 1719 1773 1741; x_wconf 89' lang='lat'>1.</span> <span class='ocrx_word' id='word_1_254' title='bbox 1789 1720 1865 1750; x_wconf 85' lang='lat' dir='ltr'>pag.</span> 
     </span>
     <span class='ocr_line' id='line_1_41' title="bbox 1162 1760 1865 1800; baseline -0.001 -9"><span class='ocrx_word' id='word_1_255' title='bbox 1162 1760 1221 1791; x_wconf 82' lang='lat'>628</span> <span class='ocrx_word' id='word_1_256' title='bbox 1237 1769 1266 1789; x_wconf 78' lang='grc' dir='ltr'>Ε.</span> <span class='ocrx_word' id='word_1_257' title='bbox 1305 1761 1397 1789; x_wconf 80' lang='lat' dir='ltr'>Toni.</span> <span class='ocrx_word' id='word_1_258' title='bbox 1415 1769 1451 1790; x_wconf 86' lang='lat'>11.</span> <span class='ocrx_word' id='word_1_259' title='bbox 1476 1761 1542 1791; x_wconf 75' lang='lat' dir='ltr'>Ed.</span> <span class='ocrx_word' id='word_1_260' title='bbox 1557 1761 1602 1790; x_wconf 91' lang='lat' dir='ltr'>H.</span> <span class='ocrx_word' id='word_1_261' title='bbox 1619 1760 1726 1800; x_wconf 74' lang='lat' dir='ltr'>steph.</span> <span class='ocrx_word' id='word_1_262' title='bbox 1768 1761 1804 1791; x_wconf 88' lang='lat' dir='ltr'>J.</span> <span class='ocrx_word' id='word_1_263' title='bbox 1821 1762 1865 1790; x_wconf 91' lang='lat' dir='ltr'>B.</span> 
     </span>
    </p>

    <p class='ocr_par' dir='ltr' id='par_1_17' title="bbox 1160 1810 1866 2151">
     <span class='ocr_line' id='line_1_42' title="bbox 1222 1810 1866 1849; baseline 0.002 -10"><span class='ocrx_word' id='word_1_264' title='bbox 1222 1810 1235 1830; x_wconf 78' lang='lat' dir='ltr'>b</span> <span class='ocrx_word' id='word_1_265' title='bbox 1256 1810 1439 1840; x_wconf 77' lang='lat' dir='ltr'>Aristoteles</span> <span class='ocrx_word' id='word_1_266' title='bbox 1452 1811 1498 1840; x_wconf 84' lang='lat' dir='ltr'>sic</span> <span class='ocrx_word' id='word_1_267' title='bbox 1511 1810 1670 1849; x_wconf 78' lang='lat' dir='ltr'>enunciat]</span> <span class='ocrx_word' id='word_1_268' title='bbox 1687 1811 1780 1840; x_wconf 87' lang='lat' dir='ltr'>Philo</span> <span class='ocrx_word' id='word_1_269' title='bbox 1790 1820 1866 1840; x_wconf 86' lang='lat' dir='ltr'>vero</span> 
     </span>
     <span class='ocr_line' id='line_1_43' title="bbox 1162 1860 1864 1899; baseline 0.003 -10"><span class='ocrx_word' id='word_1_270' title='bbox 1162 1861 1199 1891; x_wconf 78' lang='lat' dir='ltr'>(Ie</span> <span class='ocrx_word' id='word_1_271' title='bbox 1217 1860 1441 1891; x_wconf 76' lang='lat' dir='ltr'>Constitutione</span> <span class='ocrx_word' id='word_1_272' title='bbox 1455 1861 1622 1899; x_wconf 82' lang='lat' dir='ltr'>Principis</span> <span class='ocrx_word' id='word_1_273' title='bbox 1640 1862 1734 1899; x_wconf 83' lang='lat' dir='ltr'>(pag.</span> <span class='ocrx_word' id='word_1_274' title='bbox 1748 1862 1807 1891; x_wconf 88' lang='grc'>733</span> <span class='ocrx_word' id='word_1_275' title='bbox 1829 1870 1864 1892; x_wconf 83' lang='grc' dir='ltr'>Ι).</span> 
     </span>
     <span class='ocr_line' id='line_1_44' title="bbox 1160 1910 1863 1949; baseline 0 -9"><span class='ocrx_word' id='word_1_276' title='bbox 1160 1911 1226 1940; x_wconf 79' lang='lat' dir='ltr'>Ed.</span> <span class='ocrx_word' id='word_1_277' title='bbox 1251 1910 1383 1949; x_wconf 82' lang='lat' dir='ltr'>Paris.)</span> <span class='ocrx_word' id='word_1_278' title='bbox 1409 1911 1493 1940; x_wconf 89' lang='lat' dir='ltr'>hunc</span> <span class='ocrx_word' id='word_1_279' title='bbox 1515 1911 1548 1939; x_wconf 89' lang='lat' dir='ltr'>in</span> <span class='ocrx_word' id='word_1_280' title='bbox 1573 1911 1723 1940; x_wconf 87' lang='lat' dir='ltr'>modum:</span> <span class='ocrx_word' id='word_1_281' title='bbox 1753 1910 1863 1948; x_wconf 74' lang='grc' dir='ltr'>εἰρήνη</span> 
     </span>
     <span class='ocr_line' id='line_1_45' title="bbox 1160 1960 1865 2000; baseline 0 -10"><span class='ocrx_word' id='word_1_282' title='bbox 1160 1961 1221 1991; x_wconf 72' lang='grc' dir='ltr'>κᾶν</span> <span class='ocrx_word' id='word_1_283' title='bbox 1236 1960 1254 2000; x_wconf 80' lang='grc' dir='ltr'><em>ᾗ</em></span> <span class='ocrx_word' id='word_1_284' title='bbox 1271 1960 1390 2000; x_wconf 82' lang='grc' dir='ltr'>σφόδρ’</span> <span class='ocrx_word' id='word_1_285' title='bbox 1403 1960 1580 1999; x_wconf 78' lang='grc' dir='ltr'>ἐπιζήμιος,</span> <span class='ocrx_word' id='word_1_286' title='bbox 1596 1961 1865 1999; x_wconf 76' lang='grc' dir='ltr'>λυσιτελεστέρα</span> 
     </span>
     <span class='ocr_line' id='line_1_46' title="bbox 1161 2011 1866 2051; baseline 0.001 -11"><span class='ocrx_word' id='word_1_287' title='bbox 1161 2011 1322 2050; x_wconf 72' lang='grc' dir='ltr'>πολέμου·</span> <span class='ocrx_word' id='word_1_288' title='bbox 1340 2022 1409 2050; x_wconf 68' lang='lat' dir='ltr'>pax</span> <span class='ocrx_word' id='word_1_289' title='bbox 1431 2012 1574 2050; x_wconf 78' lang='lat' dir='ltr'>quamvis</span> <span class='ocrx_word' id='word_1_290' title='bbox 1597 2022 1664 2042; x_wconf 81' lang='lat' dir='ltr'>cum</span> <span class='ocrx_word' id='word_1_291' title='bbox 1683 2021 1794 2051; x_wconf 77' lang='lat' dir='ltr'>maqno</span> <span class='ocrx_word' id='word_1_292' title='bbox 1814 2012 1866 2041; x_wconf 88' lang='lat' dir='ltr'>de-</span> 
     </span>
     <span class='ocr_line' id='line_1_47' title="bbox 1160 2062 1863 2102; baseline 0 -11"><span class='ocrx_word' id='word_1_293' title='bbox 1160 2063 1313 2099; x_wconf 72' lang='lat' dir='ltr'>trimento,</span> <span class='ocrx_word' id='word_1_294' title='bbox 1339 2063 1419 2092; x_wconf 86' lang='lat' dir='ltr'>bello</span> <span class='ocrx_word' id='word_1_295' title='bbox 1446 2063 1567 2093; x_wconf 79' lang='lat' dir='ltr'>utilior.</span> <span class='ocrx_word' id='word_1_296' title='bbox 1610 2063 1731 2102; x_wconf 86' lang='lat' dir='ltr'>[Locus</span> <span class='ocrx_word' id='word_1_297' title='bbox 1756 2062 1863 2091; x_wconf 73' lang='lat' dir='ltr'>Anis-</span> 
     </span>
     <span class='ocr_line' id='line_1_48' title="bbox 1161 2112 1862 2151; baseline 0 -11"><span class='ocrx_word' id='word_1_298' title='bbox 1161 2120 1302 2141; x_wconf 72' lang='lat' dir='ltr'>ToTELis</span> <span class='ocrx_word' id='word_1_299' title='bbox 1324 2112 1483 2151; x_wconf 87' lang='lat' dir='ltr'>reperitur</span> <span class='ocrx_word' id='word_1_300' title='bbox 1505 2113 1538 2141; x_wconf 93' lang='lat' dir='ltr'>in</span> <span class='ocrx_word' id='word_1_301' title='bbox 1559 2112 1689 2143; x_wconf 79' lang='lat' dir='ltr'>Rhetor.</span> <span class='ocrx_word' id='word_1_302' title='bbox 1709 2112 1755 2142; x_wconf 84' lang='lat' dir='ltr'>acl</span> <span class='ocrx_word' id='word_1_303' title='bbox 1771 2112 1862 2142; x_wconf 75' lang='lat' dir='ltr'>Alex.</span> 
     </span>
    </p>
   </div>
   <div class='ocr_carea' id='block_1_14' title="bbox 810 2216 1435 2221">
    <p class='ocr_par' dir='ltr' id='par_1_18' title="bbox 810 2216 1435 2221">
     <span class='ocr_line' id='line_1_49' title="bbox 810 2216 1435 2221; baseline 0 0"><span class='ocrx_word' id='word_1_304' title='bbox 810 2216 1435 2221; x_wconf 95' lang='lat' dir='ltr'> </span> 
     </span>
    </p>
   </div>
   <div class='ocr_carea' id='block_1_15' title="bbox 384 2298 1865 2972">
    <p class='ocr_par' dir='ltr' id='par_1_19' title="bbox 384 2298 1865 2460">
     <span class='ocr_line' id='line_1_50' title="bbox 385 2298 1864 2345; baseline -0.001 -10"><span class='ocrx_word' id='word_1_305' title='bbox 385 2299 607 2335; x_wconf 84' lang='lat' dir='ltr'>themselves</span> <span class='ocrx_word' id='word_1_306' title='bbox 628 2298 693 2333; x_wconf 91' lang='lat' dir='ltr'>the</span> <span class='ocrx_word' id='word_1_307' title='bbox 720 2298 908 2333; x_wconf 80' lang='lat' dir='ltr'>deceivers</span> <span class='ocrx_word' id='word_1_308' title='bbox 940 2298 1030 2345; x_wconf 87' lang='lat' dir='ltr'>they</span> <span class='ocrx_word' id='word_1_309' title='bbox 1050 2299 1173 2333; x_wconf 82' lang='lat' dir='ltr'>would</span> <span class='ocrx_word' id='word_1_310' title='bbox 1198 2299 1308 2334; x_wconf 88' lang='lat' dir='ltr'>make</span> <span class='ocrx_word' id='word_1_311' title='bbox 1337 2300 1438 2334; x_wconf 76' lang='lat' dir='ltr'>them.</span> <span class='ocrx_word' id='word_1_312' title='bbox 1500 2299 1700 2334; x_wconf 86' lang='lat' dir='ltr'>Doctrines</span> <span class='ocrx_word' id='word_1_313' title='bbox 1726 2301 1864 2333; x_wconf 84' lang='lat' dir='ltr'>cannot</span> 
     </span>
     <span class='ocr_line' id='line_1_51' title="bbox 384 2355 1865 2403; baseline -0.001 -12"><span class='ocrx_word' id='word_1_314' title='bbox 384 2357 474 2403; x_wconf 85' lang='lat' dir='ltr'>long</span> <span class='ocrx_word' id='word_1_315' title='bbox 506 2357 607 2391; x_wconf 85' lang='lat' dir='ltr'>work</span> <span class='ocrx_word' id='word_1_316' title='bbox 638 2356 731 2397; x_wconf 85' lang='lat' dir='ltr'>well,</span> <span class='ocrx_word' id='word_1_317' title='bbox 764 2355 883 2390; x_wconf 88' lang='lat' dir='ltr'>which</span> <span class='ocrx_word' id='word_1_318' title='bbox 908 2356 1018 2391; x_wconf 84' lang='lat' dir='ltr'>make</span> <span class='ocrx_word' id='word_1_319' title='bbox 1049 2367 1137 2390; x_wconf 89' lang='lat' dir='ltr'>man</span> <span class='ocrx_word' id='word_1_320' title='bbox 1162 2356 1258 2391; x_wconf 91' lang='lat' dir='ltr'>unfit</span> <span class='ocrx_word' id='word_1_321' title='bbox 1281 2356 1341 2391; x_wconf 86' lang='lat' dir='ltr'>for</span> <span class='ocrx_word' id='word_1_322' title='bbox 1367 2356 1510 2402; x_wconf 80' lang='lat' dir='ltr'>society</span> <span class='ocrx_word' id='word_1_323' title='bbox 1535 2355 1625 2390; x_wconf 85' lang='lat' dir='ltr'>with</span> <span class='ocrx_word' id='word_1_324' title='bbox 1648 2366 1758 2398; x_wconf 85' lang='lat' dir='ltr'>man3</span> <span class='ocrx_word' id='word_1_325' title='bbox 1789 2355 1865 2390; x_wconf 82' lang='lat' dir='ltr'>and.</span> 
     </span>
     <span class='ocr_line' id='line_1_52' title="bbox 384 2413 1010 2460; baseline 0 -12"><span class='ocrx_word' id='word_1_326' title='bbox 384 2425 439 2449; x_wconf 85' lang='lat' dir='ltr'>we</span> <span class='ocrx_word' id='word_1_327' title='bbox 464 2426 550 2460; x_wconf 84' lang='lat' dir='ltr'>may</span> <span class='ocrx_word' id='word_1_328' title='bbox 574 2413 660 2455; x_wconf 83' lang='lat' dir='ltr'>add,</span> <span class='ocrx_word' id='word_1_329' title='bbox 682 2413 828 2448; x_wconf 85' lang='lat' dir='ltr'>hateful</span> <span class='ocrx_word' id='word_1_330' title='bbox 852 2417 891 2448; x_wconf 89' lang='lat' dir='ltr'>to</span> <span class='ocrx_word' id='word_1_331' title='bbox 915 2413 1010 2448; x_wconf 87' lang='lat' dir='ltr'>God.</span> 
     </span>
    </p>

    <p class='ocr_par' dir='ltr' id='par_1_20' title="bbox 386 2468 1864 2859">
     <span class='ocr_line' id='line_1_53' title="bbox 462 2468 1863 2517; baseline -0.001 -11"><span class='ocrx_word' id='word_1_332' title='bbox 462 2472 512 2506; x_wconf 89' lang='grc' dir='ltr'>ΙΙ.</span> <span class='ocrx_word' id='word_1_333' title='bbox 576 2471 621 2505; x_wconf 90' lang='lat' dir='ltr'>In</span> <span class='ocrx_word' id='word_1_334' title='bbox 661 2470 727 2505; x_wconf 88' lang='lat' dir='ltr'>the</span> <span class='ocrx_word' id='word_1_335' title='bbox 755 2474 844 2505; x_wconf 81' lang='lat' dir='ltr'>next</span> <span class='ocrx_word' id='word_1_336' title='bbox 880 2470 999 2516; x_wconf 87' lang='lat' dir='ltr'>place,</span> <span class='ocrx_word' id='word_1_337' title='bbox 1037 2482 1059 2505; x_wconf 88' lang='lat' dir='ltr'>a</span> <span class='ocrx_word' id='word_1_338' title='bbox 1091 2471 1195 2506; x_wconf 90' lang='lat' dir='ltr'>mind</span> <span class='ocrx_word' id='word_1_339' title='bbox 1232 2481 1364 2506; x_wconf 83' lang='lat' dir='ltr'>serene</span> <span class='ocrx_word' id='word_1_340' title='bbox 1401 2470 1476 2505; x_wconf 89' lang='lat' dir='ltr'>and</span> <span class='ocrx_word' id='word_1_341' title='bbox 1505 2470 1669 2517; x_wconf 86' lang='lat' dir='ltr'>trusting</span> <span class='ocrx_word' id='word_1_342' title='bbox 1701 2470 1741 2504; x_wconf 93' lang='lat' dir='ltr'>in</span> <span class='ocrx_word' id='word_1_343' title='bbox 1778 2468 1863 2504; x_wconf 84' lang='lat' dir='ltr'>God</span> 
     </span>
     <span class='ocr_line' id='line_1_54' title="bbox 386 2527 1864 2573; baseline -0.001 -10"><span class='ocrx_word' id='word_1_344' title='bbox 386 2533 523 2564; x_wconf 88' lang='lat' dir='ltr'>cannot</span> <span class='ocrx_word' id='word_1_345' title='bbox 549 2528 596 2563; x_wconf 86' lang='lat' dir='ltr'>be</span> <span class='ocrx_word' id='word_1_346' title='bbox 620 2528 790 2563; x_wconf 84' lang='lat' dir='ltr'>retained</span> <span class='ocrx_word' id='word_1_347' title='bbox 814 2528 853 2561; x_wconf 92' lang='lat' dir='ltr'>in</span> <span class='ocrx_word' id='word_1_348' title='bbox 878 2527 944 2563; x_wconf 82' lang='lat' dir='ltr'>the</span> <span class='ocrx_word' id='word_1_349' title='bbox 968 2527 1088 2563; x_wconf 89' lang='lat' dir='ltr'>whole</span> <span class='ocrx_word' id='word_1_350' title='bbox 1114 2528 1414 2564; x_wconf 83' lang='lat' dir='ltr'>administration</span> <span class='ocrx_word' id='word_1_351' title='bbox 1440 2528 1484 2563; x_wconf 86' lang='lat' dir='ltr'>of</span> <span class='ocrx_word' id='word_1_352' title='bbox 1511 2539 1534 2562; x_wconf 89' lang='lat' dir='ltr'>a</span> <span class='ocrx_word' id='word_1_353' title='bbox 1561 2539 1647 2569; x_wconf 85' lang='lat' dir='ltr'>war,</span> <span class='ocrx_word' id='word_1_354' title='bbox 1676 2530 1809 2573; x_wconf 86' lang='lat' dir='ltr'>except</span> <span class='ocrx_word' id='word_1_355' title='bbox 1833 2527 1864 2561; x_wconf 88' lang='lat' dir='ltr'>it</span> 
     </span>
     <span class='ocr_line' id='line_1_55' title="bbox 386 2584 1864 2632; baseline -0.001 -12"><span class='ocrx_word' id='word_1_356' title='bbox 386 2586 520 2632; x_wconf 79' lang='lat' dir='ltr'>always</span> <span class='ocrx_word' id='word_1_357' title='bbox 549 2585 636 2620; x_wconf 88' lang='lat' dir='ltr'>look</span> <span class='ocrx_word' id='word_1_358' title='bbox 657 2589 696 2620; x_wconf 90' lang='lat' dir='ltr'>to</span> <span class='ocrx_word' id='word_1_359' title='bbox 719 2596 844 2631; x_wconf 84' lang='lat' dir='ltr'>peace.</span> <span class='ocrx_word' id='word_1_360' title='bbox 907 2584 958 2619; x_wconf 93' lang='lat' dir='ltr'>As</span> <span class='ocrx_word' id='word_1_361' title='bbox 987 2585 1128 2620; x_wconf 81' lang='lat' dir='ltr'>Sallust</span> <span class='ocrx_word' id='word_1_362' title='bbox 1155 2590 1253 2621; x_wconf 89' lang='lat' dir='ltr'>most</span> <span class='ocrx_word' id='word_1_363' title='bbox 1282 2586 1382 2632; x_wconf 86' lang='lat' dir='ltr'>truly</span> <span class='ocrx_word' id='word_1_364' title='bbox 1406 2596 1500 2631; x_wconf 82' lang='lat' dir='ltr'>says,</span> <span class='ocrx_word' id='word_1_365' title='bbox 1530 2585 1625 2619; x_wconf 70' lang='lat' dir='ltr'>Wz‘sa</span> <span class='ocrx_word' id='word_1_366' title='bbox 1646 2596 1726 2619; x_wconf 80' lang='lat' dir='ltr'>men</span> <span class='ocrx_word' id='word_1_367' title='bbox 1753 2595 1864 2629; x_wconf 77' lang='lat' dir='ltr'>carry</span> 
     </span>
     <span class='ocr_line' id='line_1_56' title="bbox 386 2641 1863 2688; baseline -0.001 -11"><span class='ocrx_word' id='word_1_368' title='bbox 386 2655 432 2677; x_wconf 80' lang='grc' dir='ltr'>οη</span> <span class='ocrx_word' id='word_1_369' title='bbox 448 2655 528 2677; x_wconf 73' lang='lat' dir='ltr'>war</span> <span class='ocrx_word' id='word_1_370' title='bbox 548 2644 620 2688; x_wconf 79' lang='lat' dir='ltr'>for</span> <span class='ocrx_word' id='word_1_371' title='bbox 647 2644 700 2677; x_wconf 75' lang='lat' dir='ltr'>the</span> <span class='ocrx_word' id='word_1_372' title='bbox 727 2643 809 2677; x_wconf 70' lang='lat' dir='ltr'>salue</span> <span class='ocrx_word' id='word_1_373' title='bbox 836 2643 884 2687; x_wconf 85' lang='lat' dir='ltr'>os</span> <span class='ocrx_word' id='word_1_374' title='bbox 902 2653 1033 2688; x_wconf 73' lang='lat' dir='ltr'>peace.-</span> <span class='ocrx_word' id='word_1_375' title='bbox 1064 2643 1139 2677; x_wconf 86' lang='lat' dir='ltr'>and</span> <span class='ocrx_word' id='word_1_376' title='bbox 1159 2647 1197 2678; x_wconf 90' lang='lat' dir='ltr'>to</span> <span class='ocrx_word' id='word_1_377' title='bbox 1219 2643 1294 2678; x_wconf 88' lang='lat' dir='ltr'>this</span> <span class='ocrx_word' id='word_1_378' title='bbox 1319 2643 1384 2678; x_wconf 89' lang='lat' dir='ltr'>the</span> <span class='ocrx_word' id='word_1_379' title='bbox 1407 2643 1561 2688; x_wconf 90' lang='lat' dir='ltr'>opinion</span> <span class='ocrx_word' id='word_1_380' title='bbox 1588 2641 1632 2677; x_wconf 89' lang='lat' dir='ltr'>of</span> <span class='ocrx_word' id='word_1_381' title='bbox 1655 2641 1863 2687; x_wconf 81' lang='lat' dir='ltr'>Augustino</span> 
     </span>
     <span class='ocr_line' id='line_1_57' title="bbox 386 2698 1864 2745; baseline -0.002 -11"><span class='ocrx_word' id='word_1_382' title='bbox 386 2711 537 2745; x_wconf 82' lang='lat' dir='ltr'>agrees3</span> <span class='ocrx_word' id='word_1_383' title='bbox 568 2700 640 2735; x_wconf 90' lang='lat' dir='ltr'>and</span> <span class='ocrx_word' id='word_1_384' title='bbox 670 2699 712 2734; x_wconf 89' lang='lat' dir='ltr'>of</span> <span class='ocrx_word' id='word_1_385' title='bbox 740 2699 930 2734; x_wconf 86' lang='lat' dir='ltr'>Aristotle.</span> <span class='ocrx_word' id='word_1_386' title='bbox 993 2700 1030 2734; x_wconf 90' lang='lat' dir='ltr'>It</span> <span class='ocrx_word' id='word_1_387' title='bbox 1061 2700 1091 2734; x_wconf 90' lang='lat' dir='ltr'>is</span> <span class='ocrx_word' id='word_1_388' title='bbox 1117 2711 1140 2734; x_wconf 87' lang='lat' dir='ltr'>a</span> <span class='ocrx_word' id='word_1_389' title='bbox 1161 2700 1282 2735; x_wconf 84' lang='lat' dir='ltr'>ferine</span> <span class='ocrx_word' id='word_1_390' title='bbox 1309 2700 1414 2735; x_wconf 83' lang='lat' dir='ltr'>force</span> <span class='ocrx_word' id='word_1_391' title='bbox 1441 2699 1561 2734; x_wconf 87' lang='lat' dir='ltr'>which</span> <span class='ocrx_word' id='word_1_392' title='bbox 1588 2699 1619 2734; x_wconf 89' lang='lat' dir='ltr'>is</span> <span class='ocrx_word' id='word_1_393' title='bbox 1647 2698 1864 2745; x_wconf 88' lang='lat' dir='ltr'>prominent</span> 
     </span>
     <span class='ocr_line' id='line_1_58' title="bbox 386 2756 1864 2803; baseline -0.001 -13"><span class='ocrx_word' id='word_1_394' title='bbox 386 2757 425 2790; x_wconf 91' lang='lat' dir='ltr'>in</span> <span class='ocrx_word' id='word_1_395' title='bbox 461 2767 555 2797; x_wconf 86' lang='lat' dir='ltr'>war;</span> <span class='ocrx_word' id='word_1_396' title='bbox 594 2757 667 2790; x_wconf 84' lang='lat' dir='ltr'>and</span> <span class='ocrx_word' id='word_1_397' title='bbox 704 2760 803 2791; x_wconf 82' lang='lat' dir='ltr'>must</span> <span class='ocrx_word' id='word_1_398' title='bbox 836 2756 883 2791; x_wconf 89' lang='lat' dir='ltr'>be</span> <span class='ocrx_word' id='word_1_399' title='bbox 909 2757 1104 2803; x_wconf 87' lang='lat' dir='ltr'>tempered</span> <span class='ocrx_word' id='word_1_400' title='bbox 1132 2757 1222 2792; x_wconf 87' lang='lat' dir='ltr'>with</span> <span class='ocrx_word' id='word_1_401' title='bbox 1249 2757 1457 2803; x_wconf 81' lang='lat' dir='ltr'>humanity,</span> <span class='ocrx_word' id='word_1_402' title='bbox 1485 2756 1569 2791; x_wconf 89' lang='lat' dir='ltr'>that</span> <span class='ocrx_word' id='word_1_403' title='bbox 1594 2767 1649 2790; x_wconf 89' lang='lat' dir='ltr'>we</span> <span class='ocrx_word' id='word_1_404' title='bbox 1685 2766 1772 2802; x_wconf 82' lang='lat' dir='ltr'>may</span> <span class='ocrx_word' id='word_1_405' title='bbox 1795 2758 1864 2789; x_wconf 86' lang='lat' dir='ltr'>not</span> 
     </span>
     <span class='ocr_line' id='line_1_59' title="bbox 387 2813 1200 2859; baseline 0.002 -12"><span class='ocrx_word' id='word_1_406' title='bbox 387 2823 493 2847; x_wconf 84' lang='lat' dir='ltr'>cease</span> <span class='ocrx_word' id='word_1_407' title='bbox 514 2817 553 2848; x_wconf 88' lang='lat' dir='ltr'>to</span> <span class='ocrx_word' id='word_1_408' title='bbox 579 2813 627 2848; x_wconf 89' lang='lat' dir='ltr'>be</span> <span class='ocrx_word' id='word_1_409' title='bbox 652 2824 749 2854; x_wconf 87' lang='lat' dir='ltr'>men,</span> <span class='ocrx_word' id='word_1_410' title='bbox 771 2814 821 2859; x_wconf 88' lang='lat' dir='ltr'>by</span> <span class='ocrx_word' id='word_1_411' title='bbox 846 2814 1034 2859; x_wconf 82' lang='lat' dir='ltr'>imitating</span> <span class='ocrx_word' id='word_1_412' title='bbox 1060 2814 1200 2849; x_wconf 88' lang='lat' dir='ltr'>brutes.</span> 
     </span>
    </p>

    <p class='ocr_par' dir='ltr' id='par_1_21' title="bbox 389 2869 1861 2972">
     <span class='ocr_line' id='line_1_60' title="bbox 461 2869 1861 2917; baseline -0.001 -14"><span class='ocrx_word' id='word_1_413' title='bbox 461 2870 531 2903; x_wconf 95' lang='grc' dir='ltr'><strong>ΙΙΙ.</strong></span> <span class='ocrx_word' id='word_1_414' title='bbox 594 2870 633 2904; x_wconf 88' lang='lat' dir='ltr'>If</span> <span class='ocrx_word' id='word_1_415' title='bbox 658 2870 847 2905; x_wconf 86' lang='lat' dir='ltr'>therefore</span> <span class='ocrx_word' id='word_1_416' title='bbox 875 2882 897 2904; x_wconf 88' lang='lat' dir='ltr'>a</span> <span class='ocrx_word' id='word_1_417' title='bbox 926 2882 1041 2916; x_wconf 85' lang='lat' dir='ltr'>peace</span> <span class='ocrx_word' id='word_1_418' title='bbox 1060 2871 1283 2917; x_wconf 87' lang='lat' dir='ltr'>sufficiently</span> <span class='ocrx_word' id='word_1_419' title='bbox 1303 2871 1382 2906; x_wconf 87' lang='lat' dir='ltr'>safe</span> <span class='ocrx_word' id='word_1_420' title='bbox 1407 2881 1477 2905; x_wconf 86' lang='lat' dir='ltr'>can</span> <span class='ocrx_word' id='word_1_421' title='bbox 1496 2870 1544 2905; x_wconf 83' lang='lat' dir='ltr'>be</span> <span class='ocrx_word' id='word_1_422' title='bbox 1566 2869 1653 2911; x_wconf 84' lang='lat' dir='ltr'>had,</span> <span class='ocrx_word' id='word_1_423' title='bbox 1683 2869 1713 2903; x_wconf 88' lang='lat' dir='ltr'>it</span> <span class='ocrx_word' id='word_1_424' title='bbox 1741 2869 1772 2903; x_wconf 90' lang='lat' dir='ltr'>is</span> <span class='ocrx_word' id='word_1_425' title='bbox 1793 2869 1861 2902; x_wconf 87' lang='lat' dir='ltr'>not</span> 
     </span>
     <span class='ocr_line' id='line_1_61' title="bbox 389 2924 1860 2972; baseline 0.001 -15"><span class='ocrx_word' id='word_1_426' title='bbox 389 2924 430 2957; x_wconf 91' lang='lat' dir='ltr'>ill</span> <span class='ocrx_word' id='word_1_427' title='bbox 461 2926 616 2964; x_wconf 83' lang='lat' dir='ltr'>secured</span> <span class='ocrx_word' id='word_1_428' title='bbox 643 2926 692 2972; x_wconf 89' lang='lat' dir='ltr'>by</span> <span class='ocrx_word' id='word_1_429' title='bbox 725 2927 790 2962; x_wconf 87' lang='lat' dir='ltr'>the</span> <span class='ocrx_word' id='word_1_430' title='bbox 820 2928 1072 2963; x_wconf 89' lang='lat' dir='ltr'>condonation</span> <span class='ocrx_word' id='word_1_431' title='bbox 1105 2928 1148 2963; x_wconf 84' lang='lat' dir='ltr'>of</span> <span class='ocrx_word' id='word_1_432' title='bbox 1177 2928 1346 2970; x_wconf 80' lang='lat' dir='ltr'>offensos,</span> <span class='ocrx_word' id='word_1_433' title='bbox 1380 2928 1454 2963; x_wconf 86' lang='lat' dir='ltr'>and</span> <span class='ocrx_word' id='word_1_434' title='bbox 1482 2927 1669 2972; x_wconf 84' lang='lat' dir='ltr'>damages,</span> <span class='ocrx_word' id='word_1_435' title='bbox 1700 2925 1775 2961; x_wconf 87' lang='lat' dir='ltr'>and</span> <span class='ocrx_word' id='word_1_436' title='bbox 1799 2935 1860 2959; x_wconf 85' lang='lat' dir='ltr'>ex-</span> 
     </span>
    </p>
   </div>
  </div>
 </body>
</html>
