1971 3326
75 190 165 225 ΟΑΡ.
186 189 268 234 VL]
330 191 397 224 DE
429 190 558 225 JURE
591 190 917 232 ACQUIRENDI
949 189 1115 225 BELLO
1149 188 1324 225 CAPTA.
1463 184 1541 223 121

77 298 185 341 Celsi
207 299 334 342 illud:
363 315 456 353 qaoe
480 315 546 341 res
570 301 743 342 hostiles
766 302 888 355 apud
911 315 991 342 nos
1019 307 1131 349 sunt,
1157 314 1240 341 ozon
1257 300 1448 354 publicae
1472 301 1546 341 sed
1564 310 1641 333 L-51.
1659 310 1671 339 ξ
1686 310 1705 332 1-
1724 310 1755 333 1).

1561 341 1594 363 (le
1604 346 1657 364 rer.
1671 347 1727 369 aeq.

75 367 381 421 occupantium
400 367 534 419 fiant.
602 367 706 416 Quae
740 366 849 421 apud
881 380 955 407 nos
985 371 1091 415 sunt,
1126 365 1167 406 id
1203 371 1277 413 est,
1315 364 1420 405 bello
1453 371 1544 407 orto
1563 371 1632 394 “0⁷72-

73 432 184 487 apud
207 445 281 472 nos
303 431 683 487 deprehenduntur.
740 431 848 472 Nam
873 431 979 472 idem
1013 437 1055 473 et
1078 431 1120 472 in
1152 430 1384 472 hominibus
1408 431 1547 473 obser-

73 497 261 546 vabatur,
287 511 368 553 quo
393 502 579 552 tempore
597 497 782 539 homines
805 497 883 538 hac
901 497 942 538 in
966 503 1087 552 parte
1110 498 1235 539 rebus
1259 496 1389 552 captis
1405 511 1547 538 accen-

72 563 281 604 sebantur.
346 562 525 619 Insignis
549 568 612 604 est
635 563 677 604 in
708 577 799 604 eam
831 577 919 604 rem
944 562 1206 620 Tryphonini
1228 562 1364 604 locus:
1399 578 1545 605 verum
1559 574 1646 634 1333
1654 574 1710 628 bgl-
1716 574 1762 627 (332-

72 630 120 670 in
145 644 255 683 pace
282 631 363 684 qai
389 637 675 684 pervenerunt
704 631 766 670 ad
789 630 959 678 alteros,
992 631 1033 671 si
1064 630 1221 671 bellum
1251 630 1391 671 subito
1422 644 1546 671 exar-
1562 637 1748 665 ⁶aP202‘12022·

72 696 206 744 sisset,
233 710 377 737 eorum
398 696 513 737 servi
536 694 777 749 efficiuntur
801 695 922 748 apud
944 709 1052 749 quos
1065 695 1165 748 jam
1189 697 1326 737 hostes
1349 697 1545 750 suosato

73 760 150 815 (ita
179 760 412 817 legendum,
446 758 550 800 ⁷non
562 761 693 814 facto
723 764 796 800 aut
820 767 968 814 pacto,
1000 765 1046 800 ut
1070 760 1225 801 habent
1255 760 1367 814 libri)
1400 763 1546 817 depre-

72 828 329 868 henduntur.
400 826 507 866 Fato
529 825 606 866 hoc
629 824 819 867 asscribit
836 824 1165 880 jurisconsultuS‚
1192 825 1289 880 quia
1311 826 1450 867 pnullo
1473 842 1546 868 suo

72 891 220 934 merito
244 892 287 933 in
311 891 553 934 servitutem
578 890 828 933 deveniunt:
864 904 959 932 nam
983 890 1082 932 talia
1105 890 1190 932 fato
1214 890 1441 933 asscribere
1462 898 1547 933 tra-

72 957 249 1000 latitium
288 963 362 1000 est.
434 957 535 998 Tale
576 956 676 999 illud
709 955 872 999 Naevii:
908 958 1016 1011 fato
1044 957 1159 1011 fiunt
1195 959 1343 999 Romoe
1377 960 1548 1000 Metelli
1565 964 1760 1019 ssffijlffffi?

73 1025 272 1073 consules,
297 1023 339 1065 id
361 1028 436 1073 est,
460 1023 548 1064 sine
573 1038 645 1064 suo
670 1022 830 1065 merito.
1564 1026 1722 1081 ffl'fferr·

172 1091 198 1131 2
247 1089 435 1131 Indidem
461 1088 574 1131 venit
598 1089 708 1144 quod
733 1089 766 1130 si
790 1088 890 1144 quid
913 1088 1062 1131 milites
1091 1088 1257 1145 capiunt
1280 1104 1362 1131 non
1386 1089 1428 1130 in
1451 1104 1547 1145 pro-

73 1154 219 1205 cinctu,
245 1160 318 1197 aut
341 1154 383 1196 in
406 1169 454 1196 eo
479 1155 589 1210 quod
610 1155 748 1196 facere
765 1154 978 1210 jubentur,
1004 1154 1077 1196 sed
1102 1154 1144 1196 in
1168 1170 1216 1197 eo
1241 1156 1351 1211 quod
1375 1156 1548 1211 promis-

72 1236 147 1263 cuo
172 1221 268 1277 jure
297 1225 370 1263 aut
401 1220 486 1262 solo
519 1220 721 1276 permissu
751 1220 919 1270 faciunt,
951 1220 994 1262 id
1017 1220 1156 1262 statim
1191 1221 1268 1263 sibi
1298 1221 1543 1278 acquirunt:

72 1286 239 1343 capiunt
270 1286 377 1329 enim
401 1301 483 1327 non
515 1291 561 1327 ut
589 1285 777 1328 ministri.
844 1286 962 1328 Talia
993 1292 1090 1328 sunt
1124 1287 1254 1342 spolia
1286 1301 1379 1343 quae
1409 1288 1548 1330 detra-

72 1353 229 1395 huntur
251 1352 360 1394 hosti
384 1351 425 1393 in
456 1351 718 1394 dimicatione
740 1351 964 1409 singulari:
1001 1351 1100 1394 talia
1132 1352 1254 1394 etiam
1288 1367 1381 1408 quae
1405 1353 1548 1409 procul

72 1419 125 1461 ab
149 1418 333 1460 exercitu
362 1419 503 1473 (extra
534 1417 675 1459 decem
697 1417 822 1459 millia
853 1432 1044 1473 passuum
1070 1417 1261 1460 dicebant
1285 1420 1475 1468 Romani,
1501 1426 1548 1462 ut

73 1499 174 1526 mox
198 1484 447 1538 videbimus)
474 1482 516 1524 in
548 1483 688 1525 liberis
712 1489 754 1526 et
774 1483 936 1540 injussis
961 1483 1197 1526 excursibus
1220 1484 1412 1541 capiunt:
1438 1487 1548 1542 quod
1567 1495 1756 1556 {aljggffl-2·

1567 1563 1622 1581 ΊἚΥ.

73 1603 202 1633 factam.
264 1607 311 1633 At
351 1613 426 1633 vero
456 1603 496 1633 de
526 1602 778 1632 Atheniensibus
905 1601 918 1621 ⁷
960 1603 1042 1632 Vide
1075 1602 1133 1631 hac
1175 1602 1214 1631 de
1244 1611 1279 1631 re
1307 1602 1548 1641 Amplissimum
1569 1587 1764 1648 Ήζρῑὲῒῗῖἒὰῃ,

73 1653 119 1683 ita
134 1653 324 1683 Scholiastes
340 1654 618 1683 Amsropfflms:
643 1652 779 1687 Ἐπειδή
846 1653 1149 1689 ΒῩΝΟΚΕΒΞΗΟΕΚ,
1166 1652 1238 1681 Obs.
1251 1652 1326 1682 chr.
1339 1652 1407 1683 Civ.
1420 1653 1489 1683 Lib.
1501 1662 1548 1685 1v.
1566 1648 1604 1676 71.
1619 1655 1645 1672 ¹¹·
1661 1647 1698 1672 ¹3·

73 1702 102 1732 οἶ
125 1702 283 1737 Ἀθηναῖοι
303 1702 535 1741 λαμβάνοντες
556 1701 659 1730 πόλιν
672 1702 778 1730 πολε·
846 1712 915 1740 cap.
939 1704 985 1731 14.
1030 1702 1065 1731 J.
1080 1702 1122 1731 B.

73 1753 164 1790 μίαν,
186 1752 240 1781 καὶ
261 1753 339 1781 τοὺς
365 1752 571 1781 ἑνεικοῦντας
592 1749 776 1787 ἐκβάλλον·
905 1758 920 1778 Ρ
942 1751 1041 1780 Nullo
1057 1761 1112 1780 suo
1131 1750 1256 1789 merito]
1281 1751 1331 1780 Sic
1349 1753 1381 1780 et
1400 1752 1467 1781 haec
1486 1753 1549 1782 duo

74 1813 141 1837 τες,
165 1800 275 1840 κλήρῳ
298 1803 361 1836 τήν
384 1803 449 1839 γῆν
477 1802 592 1829 αὐτοῖς
620 1799 779 1836 διένεμον.
847 1802 982 1840 opponit
1011 1802 1137 1830 Servius
1162 1802 1202 1830 ad
1229 1802 1384 1831 AEneidos
1412 1811 1434 1832 1.
1477 1803 1551 1832 Acti

75 1852 114 1881 In
129 1852 245 1888 Nubes,
259 1861 341 1881 vers.
357 1853 424 1881 103.
467 1850 550 1880 Vide
564 1848 608 1877 ibi
624 1849 778 1878 Illustris-
836 1852 934 1889 fatis.
975 1851 1119 1880 Laborat
1145 1851 1298 1890 Vir-filius
1319 1852 1367 1880 nil
1394 1852 1549 1889 Trojano.

75 1902 146 1930 simi
161 1903 359 1930 SPANHEMII
376 1900 533 1929 Adnotat.
574 1898 609 1928 J.
624 1899 668 1929 B.
846 1910 915 1929 rum
933 1901 1063 1935 meritis,
1076 1901 1132 1929 sed
1145 1901 1250 1930 omnia
1261 1901 1351 1939 fatis
1364 1903 1549 1934 asscribere.

133 1951 147 1969 ⁶
169 1952 268 1980 Modo
296 1951 417 1980 scilieet
444 1958 586 1978 summus
613 1949 779 1987 Imperans
846 1950 917 1989 (Ad
934 1959 1013 1980 vers.
1024 1950 1091 1988 32.)

75 2001 264 2036 consentiat,
274 2003 330 2030 aut
342 2008 499 2038 expresse,
508 2001 563 2027 aut
570 1998 678 2028 tacite.
691 1999 721 2028 J
724 1999 780 2029 .B.

77 2152 142 2188 the
174 2153 298 2199 things
325 2153 445 2189 which
474 2166 538 2191 are
568 2156 605 2190 in
637 2168 705 2191 our
735 2156 865 2199 hands,
895 2157 978 2192 that
1006 2158 1047 2199 is,
1072 2157 1191 2192 which
1222 2168 1285 2191 are
1310 2156 1429 2191 found
1460 2156 1549 2191 with

78 2221 120 2245 us
151 2211 258 2245 when
282 2222 358 2245 war
387 2213 512 2248 arises.
577 2213 658 2248 The
686 2225 787 2248 same
812 2215 894 2249 rule
927 2226 999 2249 was
1029 2214 1209 2249 observed
1234 2213 1323 2249 with
1348 2214 1481 2259 regard
1509 2218 1549 2249 to

78 2278 176 2308 men,
199 2272 238 2302 at
260 2268 325 2302 the
349 2269 440 2303 time
465 2269 573 2305 when
598 2282 684 2305 men
706 2282 802 2306 were
829 2272 1018 2306 reckoned
1043 2283 1180 2317 among
1204 2271 1328 2316 things
1353 2271 1549 2317 captured.

79 2324 202 2359 There
218 2325 248 2359 is
274 2337 296 2359 a
317 2326 429 2360 noted
447 2338 601 2372 passage
623 2327 666 2361 of
681 2327 813 2373 Typho
831 2339 879 2362 on
896 2328 960 2363 the
978 2329 1140 2374 subject:
1172 2329 1279 2363 Those
1295 2329 1370 2362 who
1388 2329 1427 2363 in
1444 2340 1550 2374 peace

78 2393 171 2416 come
193 2387 226 2416 to
252 2383 400 2417 another
418 2385 554 2425 natica,
579 2384 622 2429 ff
638 2396 718 2418 war
744 2385 887 2420 between
909 2387 963 2420 the
984 2387 1126 2421 viations
1142 2386 1314 2431 suddenly
1331 2386 1454 2420 breaks
1477 2391 1549 2427 out,

79 2439 208 2473 become
228 2439 282 2473 the
297 2440 407 2474 slaves
433 2442 481 2486 os
500 2442 590 2476 those
612 2441 754 2475 enemies
774 2453 904 2488 amonq
927 2444 1040 2477 whom
1058 2444 1147 2478 their
1163 2443 1298 2487 destiny
1320 2443 1383 2476 has
1411 2444 1549 2476 thrown

78 2496 181 2531 them.
223 2496 283 2530 He
304 2497 435 2541 speaks
457 2497 500 2532 of
517 2499 651 2542 destiny
668 2498 827 2533 because
844 2499 933 2545 they
953 2511 1016 2534 are
1033 2500 1195 2534 reduced
1213 2504 1251 2533 to
1272 2499 1416 2544 slavery
1432 2499 1482 2544 by
1498 2509 1548 2532 no

79 2552 203 2586 desert
221 2552 264 2586 of
276 2552 375 2587 their
391 2564 483 2588 own.
530 2555 579 2589 So
595 2555 756 2596 Naevius,
787 2556 823 2590 It
849 2556 879 2590 is
908 2558 961 2591 the
987 2557 1123 2602 desciny
1149 2557 1197 2602 of
1217 2557 1270 2590 the
1286 2556 1423 2589 Metelli
1452 2561 1485 2589 to
1512 2556 1549 2589 be

79 2609 217 2643 consuls
233 2612 272 2643 at
292 2610 423 2644 Rome.

151 2669 172 2699 2
198 2665 234 2700 It
253 2665 396 2701 follows
416 2666 515 2701 from
536 2667 600 2702 the
622 2679 722 2703 same
742 2670 845 2710 vieW,
865 2670 946 2705 that
967 2671 1065 2705 what
1085 2670 1240 2705 soldiers
1262 2673 1427 2714 capture,
1441 2667 1549 2703 when

79 2726 146 2757 not
163 2733 212 2756 on
233 2722 325 2768 duty
343 2734 385 2757 or
403 2734 450 2757 on
468 2725 607 2759 service
625 2729 664 2759 to
681 2726 801 2760 which
817 2727 907 2773 they
924 2738 987 2762 are
1009 2726 1178 2767 ordered,
1195 2726 1264 2760 but
1280 2727 1318 2759 in
1338 2725 1402 2760 the
1419 2736 1550 2760 course

81 2779 122 2813 of
139 2779 238 2813 what
259 2779 349 2825 they
370 2780 417 2814 do
439 2781 487 2826 by
508 2782 763 2826 promiscuous
789 2783 889 2828 right
910 2794 952 2817 or
977 2784 1027 2829 by
1046 2783 1278 2828 permission,
1299 2783 1328 2816 is
1357 2782 1550 2817 forthwith

80 2835 179 2870 their
195 2847 298 2870 ownt
321 2837 380 2871 for
400 2837 490 2883 they
516 2838 563 2871 do
585 2838 658 2872 this
680 2843 747 2873 not
775 2850 814 2874 as
836 2840 963 2885 public
981 2844 1159 2874 servants,
1217 2839 1318 2874 Such
1345 2850 1409 2874 are
1435 2840 1549 2884 spoils

80 2892 201 2927 which
221 2892 311 2939 they
332 2894 403 2928 win
424 2895 520 2928 from
543 2906 615 2941 any
637 2906 770 2941 enemy
790 2897 826 2930 in
850 2897 967 2942 single
989 2897 1160 2937 combat3
1186 2896 1260 2930 and
1287 2896 1377 2931 such
1400 2907 1439 2931 as
1459 2896 1551 2942 they

81 2950 169 2984 take
196 2950 234 2984 in
263 2950 344 2984 free
373 2952 584 2987 excursions
613 2956 679 2986 not
708 2953 817 2988 made
845 2954 894 2999 by
921 2953 1041 2993 order,
1072 2957 1111 2988 at
1131 2965 1153 2987 a
1173 2953 1339 2988 distance
1365 2953 1463 2988 from
1485 2953 1550 2988 the
