1971 3326
116 187 356 232 CAP.XX1.]
444 190 534 226 UBI
564 191 632 226 DE
665 191 910 234 INDUCIIS,
942 191 1241 233 COMMEATU,
1274 192 1382 228 ETG.
1504 187 1587 227 365

216 300 242 340 2
292 298 360 342 Sic
394 314 508 358 ergo,
546 306 591 344 ut
624 307 667 344 et
704 301 861 345 Gellius
893 301 1009 352 dixit,
1043 317 1127 344 non
1148 318 1246 358 pax
1275 311 1335 345 est
1363 304 1584 345 induciae:

116 365 270 407 bellum
295 368 407 408 enim
431 377 587 417 manet,
615 384 770 424 pussna
802 378 950 412 cessat.
1022 370 1078 410 Et
1100 369 1141 410 in
1166 368 1420 425 panegyrico
1446 369 1583 411 Latini

113 431 258 474 Pacati
282 432 481 489 legimus:
520 435 709 477 indzccice
740 436 851 477 bella
875 436 1199 491 suspendebant.
1274 436 1395 486 Quod
1420 450 1468 477 eo
1494 436 1584 478 dico

111 502 159 539 ut
182 497 368 550 sciamus,
398 498 431 541 si
463 500 562 556 quid
590 501 792 550 convenit,
825 506 872 543 ut
899 501 994 543 belli
1026 507 1213 558 tempore
1244 502 1392 553 valeat,
1430 501 1473 543 id
1509 517 1584 558 per

112 562 296 606 inducias
327 580 491 621 quoque
520 566 672 616 valere,
705 567 783 608 nisi
816 567 1032 609 manifeste
1063 573 1277 624 appareat,
1313 583 1396 609 non
1430 573 1584 611 statum

112 630 291 686 spectari
315 632 387 673 sed
411 632 520 688 ipsas
543 632 786 674 functiones.
854 634 1022 682 Contra,
1048 633 1082 675 si
1106 634 1205 689 quid
1229 634 1281 676 de
1305 649 1405 690 pace
1429 634 1583 677 dictum

113 695 205 750 erit,
242 696 284 739 id
316 697 572 739 induciarum
607 703 794 753 tempore
829 698 961 739 locum
1000 713 1081 740 non
1114 700 1310 750 habebit3
1348 715 1583 757 quanquam

112 762 313 819 Virgilius
355 777 498 819 pacem
536 768 792 819 sequestram
836 763 951 813 dixit,
1002 764 1174 806 Servius
1214 766 1269 807 ad
1312 781 1406 808 eum
1450 767 1582 809 locum

111 842 255 885 paoem
277 829 559 885 temporalem,
585 835 633 871 ut
657 835 699 872 et
719 829 976 886 Thucydidis
994 830 1231 873 scholiastes
1253 829 1423 891 εἰρήνην
1448 831 1582 892 πρόσ-

113 914 272 956 καιρον,
311 896 508 948 πόλεμον
538 891 783 945 ὠδίνουσαν,
817 897 955 939 Varro
985 911 1127 953 pacem
1156 903 1397 948 castrorum,
1434 914 1584 955 pauco-

111 976 204 1003 rum
240 962 426 1005 dierum:
461 977 552 1019 quae
585 978 724 1004 omnes
754 969 850 1005 sunt
880 977 963 1004 non
999 963 1256 1006 definitiones
1294 965 1368 1007 sed
1405 965 1584 1008 delinea-

110 1027 244 1070 tiones
268 1030 468 1085 quaedam,
495 1044 636 1085 eaeque
659 1029 862 1087 figuratae.
929 1029 1071 1080 Qualis
1096 1035 1137 1072 et
1161 1030 1231 1073 illa
1254 1031 1468 1081 Varronis,
1492 1047 1584 1074 cum

110 1094 294 1138 inducias
317 1095 421 1138 dixit
447 1096 644 1138 bellorum
663 1096 800 1146 feriaS,
826 1101 1021 1152 potuerat
1044 1103 1087 1138 et
1111 1097 1207 1139 belli
1222 1112 1407 1139 somnum
1434 1098 1583 1140 dicere.

113 1160 181 1203 Sic
217 1167 259 1204 et
283 1162 394 1219 ipsas
426 1162 610 1205 forenses
639 1163 764 1204 ferias
788 1177 931 1219 pacem
966 1163 1126 1205 vocavit
1151 1163 1374 1220 Papinius;
1408 1170 1450 1207 et
1479 1180 1585 1206 som-

111 1229 232 1270 num¹
257 1229 502 1272 Aristoteles
534 1229 739 1272 vinculum
769 1244 972 1279 sensuum,
998 1244 1078 1286 quo
1114 1230 1303 1287 exemplo
1335 1236 1377 1273 et
1401 1230 1585 1274 inducias

111 1294 208 1338 belli
232 1295 437 1338 vinculum
461 1302 574 1339 recte
598 1296 763 1338 dixeris,

213 1363 240 1404 3
289 1363 340 1404 In
375 1364 434 1404 M.
463 1362 663 1407 Varronis
697 1368 834 1405 autem
868 1363 1135 1419 expositione,
1166 1379 1290 1420 quam
1320 1370 1362 1407 et
1392 1366 1583 1408 Donatus

110 1428 308 1485 sequitur,
330 1430 407 1471 hoc
430 1435 543 1472 recte
567 1430 836 1486 reprehendit
862 1430 1030 1480 Gellius,
1053 1431 1163 1486 quod
1187 1446 1339 1488 paucos
1363 1432 1450 1474 dies
1471 1432 1583 1489 adje-

111 1495 178 1545 cit,
205 1496 424 1538 ostendens
448 1496 580 1538 solere
605 1502 647 1538 et
670 1495 712 1537 in
736 1497 861 1538 horas
889 1497 993 1549 dari,
1021 1498 1171 1539 addam
1195 1513 1296 1556 ergo
1321 1504 1364 1541 et
1387 1498 1429 1541 in
1454 1514 1583 1541 annos

110 1561 234 1604 etiam
269 1562 430 1620 viginti,
471 1563 656 1620 triginta,
687 1563 977 1620 quadraginta,
1016 1564 1140 1606 etiam
1178 1570 1367 1608 centum:
1407 1580 1583 1622 quarum

109 1628 220 1684 apud
245 1628 406 1671 Livium
439 1629 639 1685 exempla,
670 1644 763 1685 quae
796 1635 839 1671 et
864 1629 976 1671 illam
1012 1631 1132 1672 Pauli
1160 1631 1451 1674 Jurisconsulti
1483 1633 1583 1674 defi-

109 1694 304 1736 nitionem
329 1695 617 1752 redarguunt:
653 1697 841 1738 induciae
869 1704 969 1738 sunt
993 1711 1089 1738 cam
1120 1699 1168 1739 in
1193 1698 1312 1740 breve
1336 1706 1375 1741 et
1398 1700 1445 1740 in
1467 1714 1584 1755 prce-

109 1775 203 1804 sens
228 1769 390 1817 tempus
414 1763 618 1811 convenit,
644 1777 695 1804 ne
719 1763 901 1804 invicem
925 1777 966 1804 se
993 1763 1218 1806 lacessant.

110 1866 230 1894 Seneca
244 1866 329 1895 dicto
340 1865 406 1904 jam
422 1866 511 1896 loco:
527 1867 646 1904 artifex
661 1870 704 1896 est
718 1867 812 1896 etiam
941 1866 949 1884 ¹
974 1867 1057 1897 Vide
1072 1868 1257 1907 Philosophi
1273 1870 1405 1900 Librum
1425 1872 1477 1901 De
1493 1871 1582 1902 Som-

109 1915 161 1944 cui
188 1915 233 1944 ad
254 1916 456 1945 exercendam
483 1920 581 1945 artem
609 1917 812 1946 instrumenta
880 1927 919 1946 no
934 1921 962 1947 et
981 1917 1109 1956 Viqz'lia,
1124 1928 1194 1957 cap.
1208 1922 1236 1950 3.
1252 1921 1284 1949 in
1299 1921 1372 1952 fine.
1412 1922 1449 1952 J.
1465 1922 1507 1951 B.

109 1974 168 1994 non
179 1969 354 2003 suppetunt.

108 2097 142 2132 if
158 2097 339 2144 anything
365 2098 394 2132 is
423 2098 500 2132 said
530 2098 573 2133 of
588 2110 713 2145 peace,
735 2100 817 2136 that
837 2102 909 2136 will
932 2106 999 2137 not
1018 2102 1107 2137 hold
1125 2103 1185 2138 for
1201 2103 1265 2139 the
1283 2105 1374 2140 time
1391 2105 1435 2140 of
1452 2109 1579 2143 truce:

109 2155 290 2200 although
310 2155 431 2201 virgil
453 2156 542 2191 calls
560 2168 582 2190 a
600 2161 704 2192 truce
729 2170 753 2192 a
774 2160 965 2204 sequestral
982 2172 1101 2206 peace,
1118 2161 1237 2196 which
1257 2162 1417 2204 Servius,
1447 2175 1495 2198 011
1517 2164 1583 2200 the

108 2224 273 2258 passage,
301 2212 467 2259 explains
501 2225 540 2248 as
571 2225 593 2248 a
620 2218 835 2262 temporary
862 2228 988 2262 peace.
1040 2218 1090 2252 As
1120 2219 1197 2253 also
1226 2218 1291 2254 the
1322 2220 1507 2256 Scholiast
1532 2233 1582 2257 on

110 2270 357 2317 Thucydides,
378 2283 427 2304 an
453 2272 651 2306 occasioned
662 2284 779 2317 peace,
808 2284 850 2308 or
874 2287 897 2308 a
914 2287 994 2309 war
1011 2276 1049 2309 in
1067 2276 1204 2311 labour.
1255 2277 1376 2312 Varro
1397 2279 1487 2313 calls
1508 2280 1537 2313 it
1557 2292 1582 2314 a

108 2340 344 2374 camp-peace,
373 2340 397 2362 a
411 2340 518 2374 peace
539 2331 587 2374 of
598 2342 622 2363 a
639 2331 718 2374 sew
739 2331 850 2376 days,·
884 2331 952 2366 but
973 2333 1023 2366 all
1042 2332 1147 2367 these
1174 2344 1238 2368 are
1263 2338 1330 2368 not
1355 2335 1581 2377 definitions,

108 2385 177 2420 but
198 2386 453 2431 descriptions,
477 2387 551 2421 and
578 2387 846 2433 metaphorical
877 2389 1132 2436 descriptione.
1195 2391 1245 2424 So
1276 2394 1339 2425 too
1370 2392 1399 2426 is
1428 2392 1510 2426 that
1541 2393 1585 2427 of

108 2442 242 2484 Varro,
256 2443 364 2477 when
380 2443 427 2478 he
445 2444 534 2479 calls
552 2455 574 2479 a
591 2448 696 2479 truce
714 2446 766 2479 tlte
786 2446 930 2492 koliday
948 2458 991 2482 or
1008 2448 1171 2482 vacat'ion
1187 2449 1235 2492 os
1243 2460 1332 2482 war.
1383 2449 1442 2483 He
1459 2449 1580 2495 might

107 2499 202 2534 have
238 2500 357 2534 called
389 2501 418 2535 it
446 2513 469 2535 a
501 2502 653 2536 slumber
681 2504 726 2549 of
750 2515 840 2538 zvar.
893 2504 943 2539 So
971 2504 1035 2539 the
1061 2505 1211 2550 holiday
1234 2505 1425 2551 produced
1444 2506 1494 2552 by
1515 2507 1581 2543 the

108 2556 308 2591 forensical
328 2559 554 2594 ceremonies
581 2560 611 2594 is
640 2560 760 2594 called
787 2572 809 2595 a
829 2572 943 2607 peace
967 2562 1018 2608 by
1038 2563 1228 2608 Papinius.
1291 2562 1469 2598 Aristotle
1489 2565 1579 2599 calls

108 2614 210 2660 sleep
229 2615 281 2648 the
305 2615 410 2649 chain
432 2617 480 2661 os
493 2617 546 2651 the
573 2629 705 2656 senses;
727 2618 801 2652 and
819 2619 1000 2665 adopting
1017 2619 1099 2654 that
1117 2620 1248 2665 image,
1269 2631 1343 2666 you
1364 2620 1483 2666 might
1508 2622 1581 2657 call

108 2683 132 2706 a
151 2675 256 2706 truce
275 2672 328 2706 the
344 2673 449 2706 chain
466 2675 511 2720 of
520 2686 610 2708 war.

177 2733 198 2763 3
226 2729 270 2763 In
284 2728 348 2763 the
365 2731 572 2775 exposition
591 2732 633 2765 of
643 2732 792 2767 Varro's
809 2734 928 2767 words
945 2732 1064 2767 which
1078 2734 1248 2768 Donatus
1264 2733 1418 2777 follows,
1438 2736 1580 2773 Gellius

108 2785 247 2832 rightly
273 2786 500 2831 reprehends
527 2787 582 2821 his
603 2787 739 2833 having
766 2790 899 2830 added,
924 2790 978 2823 “a
999 2801 1112 2835 peace
1134 2792 1180 2837 of
1201 2792 1319 2835 afew
1348 2793 1484 2838 days;'’
1505 2795 1579 2829 and

108 2843 156 2878 he
177 2843 293 2878 shows
314 2843 396 2877 that
413 2847 535 2878 truces
554 2855 648 2879 were
665 2846 822 2890 granted
839 2846 898 2881 for
918 2846 1041 2881 hours.
1088 2847 1173 2881 And
1190 2848 1209 2882 I
1226 2849 1299 2882 add
1316 2849 1474 2891 further,
1496 2852 1580 2888 that

108 2905 231 2936 truces
247 2900 341 2935 have
356 2900 452 2936 been
469 2901 578 2936 made
602 2902 662 2936 for
686 2913 804 2948 years,
823 2914 862 2938 as
889 2907 1038 2950 twenty,
1057 2903 1185 2951 thirty,
1204 2906 1316 2952 sorty,
1334 2918 1426 2943 even
1443 2920 1466 2943 a
1482 2909 1578 2944 hun-

109 2958 224 3000 dred3
250 2958 294 2994 of
310 2958 428 2994 which
456 2970 509 2994 we
537 2958 632 2995 have
657 2960 842 3007 examples
866 2961 904 2996 in
926 2961 1029 3008 Livy,
1051 2961 1170 2997 which
1197 2963 1296 2999 shew
1321 2964 1385 3001 the
1410 2977 1514 3002 error
1539 2968 1583 3002 of

1605 321 1683 374 Ngst.
1696 322 1777 346 Atlic.

1603 359 1618 375 i.
1648 361 1669 375 ο.

1604 389 1665 419 Cap.
1680 390 1702 413 9.

1602 785 1665 808 AEn.
1679 784 1715 808 xi.
1733 785 1784 809 133.

1602 847 1645 871 Ad
1658 848 1717 872 Lib.
1730 848 1736 871 i
1756 849 1794 872 40.

1602 884 1627 907 p.
1642 879 1677 902 24.
1694 886 1718 902 n.
1732 881 1754 903 3.

1601 910 1642 933 ed.
1658 910 1745 934 Oxou.

1601 1371 1645 1395 Ad
1657 1371 1716 1396 Ter.
1729 1373 1804 1396 Eun.

1601 1406 1651 1426 act.
1669 1403 1687 1426 l.
1700 1410 1734 1427 sc.
1752 1404 1770 1427 Ι.

1602 1440 1625 1456 v.
1641 1435 1679 1457 15.

1602 1463 1660 1488 Lib.
1675 1464 1691 1488 i.
1705 1465 1745 1488 25.

1603 1650 1633 1673 L.
1645 1650 1764 1679 posmm.

1603 1681 1637 1704 19.
1657 1682 1688 1704 1).
1700 1681 1733 1704 <Ic

1602 1712 1673 1741 capt.
1690 1711 1702 1742 §
1718 1712 1738 1735 l.
