1971 3326
153 181 244 218 ΟΑΡ.
265 176 317 228 Ι.]
368 181 592 216 REGULAE
626 180 929 216 GENERALES
961 181 1032 215 EX
1062 181 1192 216 ‚JURE
1224 179 1464 215 NATURAE.
1566 175 1619 214 33

151 293 269 336 addit
293 293 425 342 Plato,
452 293 697 348 Xenophon,
729 293 846 335 Philo
867 292 975 335 inter
997 292 1180 341 Judaeos,
1203 291 1336 334 pinter
1362 291 1617 334 Christianos
1636 302 1701 363 5113
1707 303 1739 363 1¹5)
1746 304 1836 357 :lgne-

154 361 487 417 Chrysostomus.
553 360 644 409 Quo
679 359 786 401 forte
819 374 898 401 non
932 359 1038 400 male
1073 358 1229 400 referas
1270 358 1379 414 quod
1412 359 1454 399 in
1492 358 1798 421 saCYISP'z‘mssl

152 426 301 469 litteris
335 431 451 467 extat
473 425 504 466 J
507 425 756 468 abesitarum
781 425 823 467 in
858 425 1068 467 obsidione
1093 424 1361 473 mendacium,
1399 432 1441 466 et
1465 425 1616 465 factum
1636 425 1786 507 &ef—1⁰23
1803 455 1815 486 ἓ

152 508 233 534 non
259 491 451 534 dissimile
476 492 697 547 Prophetae
732 491 929 535 quisaei:
963 497 1004 533 et
1028 491 1185 534 Valerii
1211 490 1379 540 Laevini,
1417 491 1487 546 qui
1511 488 1667 548 Pyr-¹¹
1640 517 1679 539 „2
1692 516 1734 539 η
1726 523 1775 546 or

152 560 275 602 rhum
298 557 346 600 ⁷a
369 573 412 599 se
433 557 694 600 interemtum
715 558 910 614 jactabat.
1637 546 1739 601 13²0?
1737 553 1812 600 'lixis'

249 627 275 666 2
317 625 384 666 Ad
407 623 584 672 tertiam,
611 630 813 679 quartam,
839 629 881 664 et
905 622 1090 678 quintam
1116 623 1448 665 observationum
1473 639 1615 666 earum
1637 608 1797 693 ’ᾗῇ-ἵξῃ
1792 639 1829 690 ‚lii

153 706 255 748 quas
284 691 370 748 jam
395 689 614 746 posuimus,
645 690 824 744 peitinet
856 689 1056 730 Eustratii
1086 690 1364 745 Metropolitae
1395 690 1618 732 Nicaeensis
1635 673 1786 760 215⁷}sz
1790 686 1836 723 Μ’

152 758 263 800 locus
286 758 340 799 ad
365 761 526 798 sextum
551 756 963 797 Nicomaehiorum:
996 752 1018 797 ὁ
1045 757 1087 798 εὑ
1112 753 1441 810 βουλευόμενος,
1467 755 1543 800 οὐκ
1570 754 1620 814 ἐξ
1637 770 1700 800 Cap
1712 771 1734 794 ‘-›

153 821 343 881 ἀνάγκης
366 820 389 864 ὁ
416 817 635 873 ἀληθεύων
666 819 801 865 ἐστίν·
838 817 941 864 ἐστι
967 818 1058 880 ’γάρ
1085 841 1199 864 ποτε
1232 841 1315 864 τον
1345 819 1480 881 ὄρθιος
1511 822 1616 876 βου-

152 887 380 942 λευόμενον
420 907 488 931 και
529 908 626 947 περι
666 907 802 931 αυτου
841 907 920 931 του
947 882 1145 968 ἾΧψεύδους
1186 885 1581 942 βουλεύσασθαι,
1568 909 1604 932 ιν

153 950 354 1007 ἐπιτηδες
395 949 613 1014 ψεύδεται
648 950 758 1015 πρός
800 973 898 998 τινα
938 974 961 1006 η
1000 951 1163 1014 ἐχθρὸν
1198 974 1318 1003 οντα,
1354 954 1421 999 ἵνα
1457 954 1617 1017 σφάλῃ

152 1042 300 1071 αυτον,
327 1018 351 1074 ἢ
379 1022 546 1097 φίλον,
551 1019 598 1064 ‘lv
623 1019 796 1083 ἐκκόψῃ
828 1040 962 1065 αυτον
986 1018 1074 1064 ἀπο
1109 1023 1251 1070 κακοῦ,
1275 1041 1341 1064 και
1366 1018 1535 1066 τούτων
1558 1020 1616 1066 τοὶ

151 1083 546 1149 παραδείγματα’
527 1107 572 1131 εν
596 1088 696 1132 ταῖς
729 1088 939 1148 ιστορὶαις
965 1085 1128 1131 πολλά·
1163 1090 1238 1144 qui
1261 1097 1371 1130 mete
1403 1091 1617 1131 consultat

148 1171 233 1198 non
256 1157 402 1211 utique
434 1162 473 1196 et
497 1169 641 1196 verum
666 1155 787 1196 dicit.
844 1155 971 1196 Fieri
999 1156 1110 1196 enim
1135 1163 1277 1210 potest
1309 1163 1357 1196 ut
1380 1157 1476 1209 quis
1505 1164 1617 1198 reete

148 1223 402 1264 consultans
424 1221 500 1262 hoc
529 1222 671 1276 ipsum
696 1222 900 1263 consultet
925 1236 1005 1274 quo
1022 1229 1156 1276 pacto
1180 1223 1231 1263 cle
1262 1223 1487 1264 industria
1507 1238 1619 1264 men-

151 1290 303 1337 tiatur,
334 1293 412 1329 aut
438 1288 551 1329 hosti
578 1296 626 1329 ut
658 1302 751 1329 eum
768 1288 928 1343 fallat,
961 1296 1040 1329 aut
1071 1289 1210 1330 amico
1246 1296 1293 1330 ut
1327 1303 1424 1330 eum
1447 1304 1476 1330 a
1507 1290 1619 1331 malo

148 1403 207 1439 gat
225 1401 257 1429 in
272 1410 309 1430 eo
323 1403 497 1439 peecatum.
541 1400 699 1430 Haesitant
720 1401 850 1439 Augus-

149 1451 235 1480 tinus
250 1451 318 1480 Lib.
336 1459 373 1480 11.
390 1451 564 1489 quaestione
578 1460 672 1489 super
691 1450 850 1487 Exodum,

147 1501 247 1539 (Cap.
273 1503 321 1539 1.)
342 1501 481 1530 Thomas
503 1502 532 1536 2,
556 1502 586 1529 2.
607 1501 780 1538 quaestione
801 1510 849 1529 cx-

149 1554 208 1581 art.
219 1552 248 1580 4.
264 1560 346 1589 resp.
364 1551 403 1579 ad
418 1552 448 1581 4.
465 1555 496 1580 et
506 1551 549 1579 ibi
563 1551 744 1589 CajetanuS.
768 1551 849 1580 Vide

147 1601 175 1630 si
199 1605 289 1630 vacat
311 1604 343 1630 et
367 1601 475 1630 moriae
500 1601 642 1629 encomio
673 1601 850 1637 Erasmum,

148 1654 183 1681 et
202 1651 419 1680 doctissimum
445 1651 582 1680 Masium
605 1651 645 1680 ad
669 1651 800 1680 Josuam
817 1651 848 1680 ii.

148 1702 180 1731 5.
222 1700 346 1739 [Verba
370 1701 619 1730 Cnmsosmm
643 1702 681 1730 de
704 1702 849 1736 Raliabe,

147 1751 300 1789 leguntur
315 1752 405 1781 Orat.
423 1761 462 1781 11.
482 1752 535 1780 De
544 1752 742 1788 Paenitentia,
756 1752 850 1781 Tom-

148 1807 194 1827 VI.
220 1808 294 1837 pag.
318 1800 387 1829 775.
409 1799 473 1828 Ed.
505 1798 604 1827 Savil.
629 1799 723 1828 Adde
751 1799 849 1827 BASI-

148 1857 246 1885 LIUM,
255 1850 287 1878 z'n
293 1849 491 1887 Principium
499 1849 848 1884 Proverbiorum,T0m.

149 1908 172 1928 1.
189 1908 263 1938 pag.
279 1901 345 1928 402.
368 1898 433 1928 Ed.
450 1899 560 1927 Paris.
578 1899 665 1928 1638.
707 1899 743 1928 J.
759 1898 816 1936 B.]

207 1955 223 1976 ν
252 1950 339 1978 Inter
368 1949 567 1978 Christianos
597 1948 847 1988 Chrysostomus]

149 2001 199 2029 Sic
213 2000 366 2038 loquens:
388 2001 415 2028 εἰ
432 2000 588 2038 βούλειγε
609 2002 677 2029 τῶν
699 2012 848 2037 στρατη-

149 2052 217 2087 ’γῶν
243 2050 320 2078 τοὺς
355 2049 392 2088 ἐξ
421 2051 534 2079 αἰῶνος
569 2048 848 2088 εὐδοκιμάσαντας

148 2099 318 2137 ἐξετάσαι,
340 2098 386 2128 τά
405 2099 548 2128 πλείονα
570 2100 678 2128 αὐτῶν
698 2099 847 2135 τρόπαια

146 2150 208 2184 τῆς
221 2148 353 2183 ἀπάτης
376 2149 521 2187 εὑρήσεις
535 2148 617 2178 ὅντα
633 2149 847 2186 κατορθώμα-

146 2210 202 2234 τα,
216 2198 269 2227 καὶ
290 2198 421 2235 μᾶλλον
435 2198 574 2227 τούτους
594 2197 848 2234 ἐπαινουμένους

147 2248 166 2278 ἦ
181 2248 258 2276 τοὺς
269 2250 420 2285 φανερῶς
434 2248 655 2286 κρατοῦντας·
677 2248 707 2276 Si
720 2247 847 2276 nobilis-

146 2297 240 2326 simos
254 2297 364 2327 ducum
379 2298 423 2326 ad
436 2306 563 2326 examen
578 2306 676 2330 voces,
694 2297 847 2334 pleraque

147 2357 250 2376 eorum
282 2351 404 2386 tropaea
434 2348 569 2386 reperies
592 2347 752 2385 fraudum
785 2357 847 2376 esse

146 2407 253 2435 opera,
267 2398 426 2436 maqisque
441 2398 519 2427 tales
533 2397 664 2427 laudari
682 2407 775 2436 quam
793 2398 848 2436 qai

920 1404 1026 1439 aperte
1040 1401 1159 1439 aqenclo
1172 1401 1319 1431 vicerunt.
1344 1401 1413 1440 [De
1428 1400 1623 1436 Sacerdotio,

919 1451 991 1480 Lib.
1007 1460 1028 1479 1.
1047 1461 1114 1490 cap.
1130 1450 1178 1489 5.]

979 1507 993 1527 ‘1
1014 1500 1142 1538 Elis-cri]
1176 1501 1324 1539 Ejusdem
1354 1501 1460 1530 Elisaei
1487 1502 1622 1531 alterum

921 1551 1021 1579 simile
1034 1555 1081 1580 est
1095 1553 1113 1580 2
1130 1551 1256 1589 Regum
1272 1551 1335 1581 viii.
1350 1553 1395 1581 10.
1406 1551 1495 1580 itaut
1510 1552 1623 1590 legunt

920 1601 1100 1638 Masoretae,
1125 1602 1156 1630 id
1179 1605 1236 1638 est,
1259 1602 1430 1630 secundum
1453 1609 1513 1639 ⁸747,
1537 1602 1622 1640 quod

920 1650 1064 1688 sequitur
1078 1651 1177 1680 latina
1188 1651 1319 1688 vulgata
1331 1651 1441 1679 versio.

980 1699 992 1719 ⁷
1014 1700 1120 1729 Habet
1146 1701 1204 1729 hoe
1234 1702 1357 1729 Auctor
1383 1701 1449 1729 sine
1478 1701 1573 1729 dubio
1605 1710 1622 1729 e

919 1749 1114 1787 ἙΒΟΝΤῙΝΟ,
1141 1751 1195 1779 sed
1217 1751 1270 1788 qui
1292 1751 1353 1779 alio
1375 1751 1468 1779 modo
1490 1761 1555 1780 rem
1571 1761 1622 1780 re-

919 1800 991 1834 fert,
1008 1803 1043 1828 ut
1059 1809 1120 1828 non
1138 1800 1212 1829 satis
1227 1801 1266 1829 ad
1285 1810 1350 1830 rem
1371 1801 1465 1830 faciat
1479 1812 1485 1830 :
1507 1802 1621 1831 VALE-

919 1857 998 1878 Rlcs
1014 1849 1174 1879 LAEvas
1189 1850 1316 1888 (inquit)
1337 1851 1486 1880 adversus
1499 1851 1622 1889 Epiro-

919 1901 1022 1927 tarum
1049 1899 1173 1937 Reqem,
1202 1900 1302 1928 occiso
1331 1900 1466 1938 quodam
1489 1901 1622 1939 qreyali,

919 1951 1021 1978 tenens
1033 1949 1175 1987 qladz'zcm
1190 1953 1357 1986 cruentum,
1371 1951 1521 1980 eaeercz’tui
1541 1953 1622 1981 utri-

918 2008 976 2036 que
1012 1999 1187 2036 persuasit,
1223 1999 1386 2037 Pyrrhum
1421 2002 1620 2031 interemtum.

920 2049 1056 2086 δτι-αἴθῃ.
1068 2048 1136 2077 Lib.
1150 2057 1186 2077 11.
1203 2058 1227 2077 c.
1243 2051 1270 2078 4.
1284 2059 1369 2078 nuni.
1385 2051 1414 2081 9.
1437 2051 1519 2080 Vide
1534 2052 1621 2080 PLU-

918 2108 1098 2134 TARGHUM,
1126 2099 1183 2129 Vz‘t.
1208 2100 1328 2137 Pyrrh.
1357 2111 1431 2139 pag.
1455 2103 1513 2132 393
1539 2111 1568 2138 E,
1591 2112 1621 2132 r.

918 2149 1037 2187 Aptius
1052 2149 1163 2178 fuisset
1179 2151 1358 2188 exemplum
1374 2160 1459 2180 num.
1474 2154 1520 2181 10.
1533 2161 1620 2189 sequ.

918 2199 972 2228 ubi
989 2199 1155 2237 Jugurtha
1174 2200 1254 2229 falso
1276 2201 1412 2229 Marium
1433 2211 1452 2229 a
1471 2210 1503 2230 se
1523 2202 1622 2230 inter-

918 2253 1037 2278 emtum
1060 2249 1182 2287 jactat:
1219 2251 1257 2279 de
1287 2260 1350 2288 quo
1377 2252 1448 2280 vide
1477 2252 1621 2281 Simus-

918 2307 1017 2336 T1UM,
1038 2300 1122 2329 Bell.
1147 2300 1224 2339 Juq.
1250 2310 1318 2339 cap.
1338 2302 1406 2331 107.
1428 2301 1492 2331 Ed.
1519 2301 1617 2330 Wass.

916 2349 952 2379 J.
967 2350 1009 2380 B.

147 2570 283 2604 among
303 2558 367 2594 the
390 2559 605 2595 Christians.

657 2562 742 2596 And
763 2566 801 2597 to
822 2563 895 2599 this
913 2576 996 2599 case
1017 2576 1091 2610 you
1120 2577 1205 2610 may
1237 2565 1336 2599 refer
1365 2564 1429 2598 the
1450 2564 1613 2608 promise

148 2616 190 2651 of
204 2616 268 2650 the
289 2627 375 2651 men
397 2616 440 2650 of
455 2617 593 2652 Jabesh
625 2617 661 2661 (1
687 2620 786 2655 Sam.
813 2621 860 2655 xi.
889 2620 963 2664 10),
989 2622 1072 2657 that
1097 2622 1186 2668 they
1208 2622 1329 2656 would
1353 2632 1457 2655 come
1479 2626 1544 2655 out
1566 2632 1614 2655 on

146 2673 213 2708 the
248 2684 406 2708 morrow
417 2687 426 2715 3
456 2674 529 2708 and
557 2674 621 2709 the
651 2680 711 2710 aet
749 2677 792 2710 of
817 2678 946 2712 Elisha
977 2678 1084 2713 when
1112 2678 1159 2712 he
1191 2678 1322 2712 misled
1355 2677 1411 2712 his
1440 2689 1615 2723 pursuers

149 2729 188 2772 (2
209 2731 327 2776 Kings
348 2731 395 2765 vi.
430 2730 514 2774 19);
541 2731 613 2765 and
640 2732 704 2766 the
731 2734 859 2779 saying
890 2735 933 2769 of
955 2735 1125 2769 Valerius
1151 2735 1320 2769 Laevinus
1347 2734 1428 2769 who
1460 2735 1616 2770 boasted

148 2786 232 2822 that
251 2787 299 2822 he
319 2788 394 2822 had
414 2788 529 2822 killed
550 2789 726 2834 Pyrrhus.

221 2849 242 2878 2
284 2846 339 2879 To
360 2845 425 2880 the
446 2845 558 2887 third,
572 2846 702 2880 fourth
722 2847 795 2881 and
817 2847 901 2882 fifth
920 2847 962 2882 of
979 2848 1042 2882 the
1056 2848 1258 2894 preceding
1278 2849 1444 2883 remarks
1462 2849 1617 2895 belongs

148 2912 171 2934 a
197 2912 351 2948 passage
372 2902 416 2937 of
437 2903 648 2938 Eustratius
677 2915 725 2938 on
753 2905 959 2939 Aristotle's
980 2905 1121 2940 Ethics.

1184 2905 1268 2939 And
1293 2907 1500 2947 Quintilian
1522 2918 1618 2952 say&

147 2958 231 2993 that
255 2969 277 2993 a
297 2959 345 2994 lie
365 2963 404 2994 to
424 2965 580 3005 prevent
601 2972 623 2996 a
644 2962 807 3004 murder,
835 2973 876 2997 or
904 2961 969 2997 the
997 2962 1228 2998 destruction
1256 2963 1298 2998 of
1324 2964 1423 2999 one’s
1445 2969 1616 3010 country,

285 3057 440 3115 [Gno'r.
464 3059 547 3116 111.]

1454 3033 1481 3072 3
