1971 3326
106 351 136 375 L.
145 350 252 380 foediss.
265 348 289 378 7.

103 382 162 408 eod.
177 381 218 406 tit.

107 878 172 910 Pag.
185 878 232 903 239
242 883 267 907 Β,
281 883 305 901 c.

110 1077 176 1107 pag.
190 1076 237 1100 242
248 1082 277 1099 n.

113 1207 143 1230 L.
157 1206 191 1230 ab
199 1205 278 1230 hosti-

109 1238 168 1260 bus.
181 1237 217 1260 18.
233 1237 260 1259 C.
269 1237 302 1260 <le

104 1267 225 1299 posclim.

110 1409 143 1432 L.
157 1408 180 1431 1.
194 1407 207 1437 ξ
220 1407 239 1430 1.
257 1407 290 1430 D.

108 1438 180 1475 (μιῖζ).
189 1444 223 1463 ex
233 1444 308 1462 caus.

107 1476 173 1499 ma).

327 219 408 262 178
835 222 904 257 DE
935 219 1288 257 POSTLIMINIO.
1607 217 1705 262 [Lm.
1724 219 1795 255 ΙΙΙ.

324 332 507 376 mulieris
530 331 822 390 prostitutione
845 329 1064 381 amittitur,
1089 328 1303 384 multaque
1325 326 1406 369 alia
1422 326 1519 384 jure
1542 327 1730 371 Romano
1754 328 1797 371 in

324 402 511 443 favorem
546 398 836 442 redimentium
873 403 916 439 et
950 410 1114 453 poenam
1150 394 1434 452 proximorum
1472 393 1543 450 qui
1584 409 1678 437 suos
1714 410 1798 437 non

325 467 536 510 redimunt
559 465 782 508 constituta
806 469 914 505 sunt.

427 535 454 575 3
503 534 684 574 Rursum
708 536 874 572 auctum
899 534 962 572 est
984 527 1223 585 postliminii
1249 527 1318 584 jus
1341 525 1434 584 lege
1457 524 1580 576 civili,
1604 540 1652 568 eo
1687 527 1800 582 quod

325 614 408 641 non
432 613 482 640 ea
505 603 666 640 tantum
699 611 792 652 quae
823 595 865 637 in
889 594 1138 652 postliminio
1162 599 1258 636 sunt
1285 593 1382 650 jure
1411 592 1611 650 gentium,
1637 593 1710 634 sed
1732 607 1800 635 res

327 679 480 713 omnes,
500 663 598 720 jura
633 662 770 705 omnia
804 661 979 718 perinde
1011 661 1219 703 habentur
1251 674 1299 702 ac
1329 659 1363 701 si
1393 659 1427 700 is
1455 658 1526 715 qui
1549 657 1674 700 rediit
1697 674 1800 700 nun-

326 746 450 786 quam
482 729 661 772 hostium
696 728 852 785 potitus
893 733 1025 770 esset:
1068 727 1179 783 quod
1220 732 1262 769 et
1292 725 1390 781 jure
1430 724 1570 767 Attico
1608 723 1798 769 obtinuit.

326 798 450 847 Nam,
475 802 522 838 ut
547 796 657 851 apud
683 795 862 836 Dionem
887 795 1172 836 Prusaeensem
1197 792 1384 835 oratione
1408 806 1479 833 xv.
1501 790 1688 848 legimus,
1713 790 1801 846 qui-

328 864 422 905 dam
457 862 599 905 Calliae
634 876 678 904 se
713 860 840 902 filium
876 860 1017 902 dicens
1052 865 1217 915 captum
1252 858 1295 900 in
1327 857 1444 900 clade
1471 857 1526 899 ad
1549 857 1798 907 Acanthum,

328 935 370 972 et
393 929 584 971 serviisse
607 927 651 969 in
675 927 866 976 Thracia,
893 941 984 968 cum
1017 926 1204 968 Athenas
1228 923 1476 980 postliminio
1500 922 1704 972 rediisset,
1728 923 1801 965 he-

327 996 549 1038 reditatem
569 994 710 1036 Calliae
734 1008 759 1035 a
783 992 1085 1049 possessoribus
1107 990 1238 1047 petiit,
1264 1005 1339 1032 nec
1363 989 1475 1031 aliud
1499 988 1717 1044 quaesitum
1739 993 1803 1031 est

328 1062 370 1103 in
388 1061 543 1118 judicio
568 1075 690 1116 quam
715 1074 769 1101 an
791 1059 825 1100 is
849 1073 999 1101 revera
1019 1057 1163 1100 Calliae
1189 1061 1297 1098 esset
1318 1055 1436 1097 filius.
1501 1055 1618 1097 Idem
1643 1060 1800 1104 narrat,

328 1127 553 1170 Messenios
577 1141 668 1168 cum
703 1125 828 1182 longo
862 1131 1049 1180 tempore
1081 1122 1333 1172 serviissent,
1365 1121 1534 1164 tandem
1562 1126 1604 1163 et
1631 1121 1802 1164 liberta-

328 1201 412 1236 tem
451 1200 493 1236 et
529 1192 742 1250 regionem
781 1190 998 1247 recepisse.
1071 1191 1159 1231 Imo
1193 1195 1236 1231 et
1271 1203 1366 1244 quae
1403 1202 1478 1244 per
1510 1187 1801 1243 usucapionem

328 1266 400 1302 aut
422 1259 708 1301 liberationem
734 1272 785 1299 ex
810 1257 926 1299 bonis
950 1257 1174 1304 subtracta,
1200 1255 1266 1297 vel
1290 1269 1372 1296 non
1395 1253 1548 1296 utendo
1573 1253 1689 1295 finita
1713 1268 1802 1296 esse

329 1326 591 1374 videbantur,
639 1324 801 1366 actione
835 1323 1072 1365 rescissoria
1106 1321 1409 1365 restituuntur:
1455 1335 1552 1362 nam
1587 1319 1630 1361 in
1665 1319 1801 1362 edicto

330 1393 382 1435 de
411 1392 634 1448 majoribus
669 1390 711 1432 in
743 1390 953 1447 integrum
982 1388 1261 1437 restituendis,
1287 1387 1321 1429 is
1345 1386 1708 1443 comprehenditur
1733 1385 1803 1441 qui

329 1459 371 1500 in
396 1459 575 1501 hostium
607 1463 670 1500 est
699 1462 918 1513 potestate.
989 1456 1047 1498 Et
1077 1456 1154 1498 hoc
1178 1454 1344 1511 quidem
1376 1453 1490 1496 venit
1520 1467 1571 1495 ex
1596 1452 1695 1508 juro
1718 1453 1803 1494 Ro-

330 1540 452 1568 mano
476 1524 658 1580 antiquo.

393 1583 401 1590 ⁸
432 1594 461 1633 4
508 1592 565 1634 At
588 1591 656 1633 lex
690 1589 882 1632 Cornelia
920 1588 1045 1631 etiam
1077 1587 1303 1631 heredibus
1337 1584 1540 1628 consuluit
1564 1599 1707 1627 eorum
1731 1584 1803 1640 qui

330 1658 440 1714 eapti
474 1657 587 1714 apud
618 1658 758 1699 hostes
790 1655 1081 1698 decessissent:
1117 1655 1226 1696 bona
1261 1668 1405 1696 eorum
1433 1666 1680 1694 conservans
1710 1665 1804 1707 per-

329 1724 426 1766 inde
450 1724 567 1780 quasi
592 1723 661 1780 qui
696 1738 778 1765 non
808 1722 918 1764 redit
938 1722 1025 1777 jam
1057 1736 1104 1763 eo
1136 1726 1323 1776 tempore
1348 1733 1428 1775 quo
1453 1723 1597 1774 captus
1634 1723 1696 1760 est
1731 1717 1802 1759 de-

330 1791 529 1833 cessisset.
594 1791 698 1841 Quae
733 1789 831 1846 jura
864 1788 1000 1830 civilia
1033 1788 1065 1829 si
1102 1787 1235 1835 tollas,
1269 1785 1382 1827 haud
1419 1784 1542 1826 dubie
1578 1783 1717 1826 statim
1756 1788 1804 1825 ut

389 1913 399 1927 Β
422 1908 517 1936 Βοηα
532 1906 865 1944 ey'usfitturajitissent
879 1914 1034 1943 occupan-
1104 1908 1160 1934 aut
1183 1904 1284 1934 coloni
1306 1903 1346 1932 ab
1371 1902 1510 1932 hostibus
1533 1900 1619 1939 capti
1640 1904 1668 1930 et
1689 1901 1806 1930 reversi

330 1957 421 1995 tium]
446 1957 528 1984 Vide
543 1956 637 1994 leqem
658 1955 904 1993 Wisiyottlzicmn
919 1954 990 1984 Lib.
1004 1963 1035 1984 v.
1105 1954 1228 1982 domino
1264 1953 1479 1988 restituantur,
1498 1952 1527 1980 si
1553 1960 1613 1979 non
1639 1953 1710 1979 sant
1737 1953 1807 1979 ante

330 2007 380 2035 tit.
399 2006 437 2034 iv.
453 2016 479 2034 c.
496 2006 544 2035 15.
1105 2003 1146 2032 ab
1169 2003 1269 2031 altero
1295 2002 1491 2031 vendentibus
1515 2000 1654 2030 hostibus
1672 2001 1704 2029 in
1725 2010 1806 2030 com-

393 2057 401 2076 t
422 2055 535 2084 Etiam
563 2064 641 2092 sirpe
670 2052 819 2091 alienati]
857 2053 904 2082 At
932 2053 1035 2082 edicto
1105 2053 1218 2082 mercia
1234 2053 1418 2090 comparati.
1438 2052 1535 2091 (Cap.
1550 2052 1638 2090 148.)
1679 2051 1761 2081 Vide
1776 2053 1808 2080 et

333 2105 524 2135 Theuderici
550 2105 596 2134 ita
624 2104 834 2133 constitutum
864 2105 928 2132 est:
955 2103 1037 2132 servi
1108 2103 1333 2133 Cassiodorum
1352 2111 1403 2132 111.
1418 2103 1468 2132 43.
1512 2102 1557 2131 At
1577 2102 1642 2141 leqe
1661 2101 1807 2140 Wisiyot-

408 2275 429 2306 3
460 2270 590 2316 Again,
612 2271 677 2306 the
698 2271 880 2317 privilege
896 2283 968 2306 was
990 2271 1175 2306 extended
1197 2271 1247 2317 by
1263 2270 1328 2305 the
1349 2271 1497 2304 Roman
1515 2268 1590 2303 and
1606 2267 1708 2302 Attic
1724 2267 1806 2308 laW,

332 2339 373 2363 so
394 2328 476 2362 that
497 2329 547 2362 all
567 2328 685 2374 rights
706 2339 803 2364 were
822 2329 990 2364 restored
1010 2335 1049 2364 to
1072 2329 1136 2363 the
1159 2339 1305 2375 person.
1369 2328 1419 2361 So
1445 2338 1467 2361 a
1496 2336 1643 2372 person,
1670 2324 1807 2369 calling

331 2385 487 2420 himself
508 2386 572 2420 the
593 2397 660 2420 son
688 2386 731 2420 of
758 2386 903 2428 Callias,
930 2386 1012 2421 who
1033 2386 1108 2420 had
1135 2386 1232 2421 been
1260 2397 1282 2419 a
1310 2384 1413 2419 slave
1434 2384 1473 2418 in
1494 2383 1650 2423 Thrace,
1669 2381 1807 2426 having

331 2442 428 2477 been
446 2443 559 2478 taken
576 2443 614 2477 in
634 2442 696 2478 the
714 2443 840 2478 defeat
857 2447 895 2478 at
909 2443 1110 2483 Acanthus,
1129 2442 1307 2478 returned
1322 2446 1359 2476 to
1376 2441 1531 2481 Athens,
1556 2439 1631 2474 and
1648 2438 1806 2473 claimed

333 2500 397 2534 the
416 2500 646 2535 inheritance
659 2500 701 2535 of
716 2500 850 2535 Callias
867 2500 965 2534 from
982 2501 1046 2535 the
1063 2511 1268 2546 possessors
1286 2499 1329 2534 of
1341 2499 1388 2540 it;
1408 2498 1493 2539 and,
1510 2498 1548 2531 in
1565 2497 1630 2531 the
1647 2496 1743 2537 trial,
1757 2506 1806 2530 no

332 2558 489 2603 enquiry
504 2568 575 2592 was
596 2558 718 2599 made,
733 2562 865 2604 except
885 2557 1053 2592 whether
1072 2557 1121 2592 he
1138 2569 1233 2592 were
1251 2557 1315 2591 the
1333 2567 1400 2591 son
1416 2555 1459 2590 of
1473 2555 1617 2589 Callias.
1671 2553 1721 2588 So
1742 2552 1807 2587 the

333 2614 574 2655 Messenians,
607 2615 705 2649 after
731 2615 820 2660 long
851 2615 1049 2655 servitude,
1080 2614 1281 2649 recovered
1313 2613 1412 2649 their
1444 2612 1581 2658 liberty
1609 2610 1682 2645 and
1710 2610 1808 2645 their

333 2675 502 2717 country.
537 2673 642 2707 Even
663 2672 760 2707 what
781 2672 855 2707 had
875 2672 971 2708 been
984 2672 1057 2707 lost
1077 2671 1127 2719 by
1144 2671 1376 2717 usucaption,
1397 2680 1440 2705 or
1460 2669 1667 2709 otherwise,
1688 2666 1808 2713 might

334 2727 381 2762 bc
399 2729 611 2764 recovered.

413 2789 435 2818 4
466 2785 546 2820 The
575 2786 773 2821 Cornelian
801 2787 870 2821 law
897 2786 1079 2833 provided
1105 2785 1164 2820 for
1184 2785 1249 2820 the
1280 2785 1379 2819 heirs
1408 2783 1451 2818 of
1475 2783 1582 2818 those
1611 2779 1692 2814 who
1720 2779 1807 2814 died

336 2840 445 2875 while
466 2842 504 2875 in
525 2842 589 2877 the
607 2843 780 2878 enemies’
796 2843 926 2879 hands.
977 2844 1017 2878 If
1033 2843 1106 2878 this
1127 2843 1202 2877 had
1227 2846 1293 2876 not
1313 2842 1409 2876 been
1429 2851 1481 2879 so,
1502 2851 1576 2884 any
1596 2848 1666 2872 one
1687 2836 1807 2881 might

337 2896 431 2931 have
452 2899 571 2932 seized
593 2899 690 2934 their
715 2906 904 2947 property,
932 2901 993 2935 for
1019 2901 1110 2946 they
1130 2911 1226 2935 were
1246 2898 1434 2933 reckoned
1455 2908 1494 2930 as
1514 2893 1705 2933 nullified3
1732 2892 1806 2927 and

337 2953 371 2986 if
395 2953 483 3000 they
503 2956 690 2997 returned,
709 2956 784 2991 had
809 2969 858 2991 no
883 2958 994 3003 right,
1028 2961 1159 3002 except
1188 2961 1227 2991 to
1249 2953 1518 3001 postliminium
1530 2953 1614 2998 jure
1635 2950 1802 2996 yentz'um.
