1971 3326
134 383 151 408 i.
164 383 256 409 OEcon.
269 391 294 408 v.

136 444 183 498 De5
192 446 229 469 Re
239 445 318 470 Rust-

133 482 154 499 ο.
185 494 190 498 .

134 512 193 537 Lib.
208 513 244 537 iii.
259 515 292 538 de

135 544 227 575 Benqsl
239 551 261 569 c.
274 546 313 570 21.

132 645 177 668 ΑιΖ
191 645 297 669 Phorm.

132 679 184 699 act.
200 676 219 699 l.
233 682 267 700 sc,
287 677 306 701 l.

132 712 156 729 v.
171 706 192 729 9.

134 737 165 759 L.
179 737 216 760 40.
232 737 264 760 D.
278 737 311 761 cle

128 767 244 797 peculio.

132 840 216 866 Thuc.
230 842 274 866 vii.
284 843 322 870 87.

133 871 212 897 Diod.
226 873 283 897 xiii.
298 874 333 898 19.

133 975 198 1006 Cap.
211 976 247 1001 19.
261 978 285 1002 et

131 1013 198 1037 seqq.

357 189 440 230 262
648 195 1120 232 TEMPERAMENTUM
1150 196 1302 232 CIROA
1334 196 1540 235 CAPTOS.
1645 195 1740 245 [Lm.
1758 199 1829 234 ΙΙΙ.

354 313 407 347 ut
431 309 709 348 mercenariis
724 322 738 348 .·
769 321 943 361 operam¹
970 308 1236 360 emiqendam,
1252 307 1379 361 justa
1397 308 1647 362 praebenda.
1710 308 1830 351 Aris-

355 370 525 414 toteles:
564 367 702 429 δούλῳ
737 369 889 422 μισθὸς
922 369 1090 432 τροφή,
1123 386 1243 414 servo
1266 387 1353 428 pro
1382 375 1568 416 mercede
1602 375 1828 417 alimenta.

358 438 490 480 Cato:
513 439 710 493 familie&
739 446 791 478 ut
819 439 918 480 bene
949 440 1008 480 sz‘t
1030 439 1271 493 providem,
1308 453 1359 481 oze
1390 440 1547 494 alyeat,
1573 454 1627 481 ne
1656 443 1828 482 esuriat.

355 505 441 546 Est
465 505 650 557 aliquid,
683 503 741 545 ait
766 504 961 553 ⁰Seneca,
998 506 1116 559 quod
1147 506 1348 547 dominus
1371 513 1587 561 proestare
1613 520 1732 548 servo
1761 508 1830 548 de·
1881 544 1886 548 .

357 570 479 611 beat.-
526 578 579 611 αι
615 570 800 619 cibaria,
842 571 1113 613 vestiarium.
1178 571 1229 611 In
1270 570 1434 613 cibariis
1479 576 1601 613 erant
1640 571 1830 627 quaterni

355 634 479 676 modii
512 634 710 677 frumenti
747 635 791 677 in
835 650 1029 685 mensem,
1077 650 1178 692 quos
1222 636 1430 692 praestitos
1465 637 1595 679 servis
1639 637 1830 680 Donatus

353 706 498 743 auctor
529 706 604 744 est.
674 701 909 744 Martianus
932 701 1248 758 jurisconsultus
1286 718 1375 745 esse
1412 702 1471 745 ait
1508 717 1600 759 quae
1640 703 1829 746 dominus

353 781 517 809 neeesse
540 767 668 810 habet
691 783 812 810 servo
831 774 1045 824 praestare,
1068 775 1114 811 ut
1140 768 1298 811 tunicas
1321 775 1363 812 et
1387 768 1545 811 similia.
1593 770 1829 811 Damnatur

353 833 406 875 ab
444 833 628 876 historiis
667 834 928 877 1'Siculorum
959 834 1195 888 crudelitas,
1230 835 1299 891 qui
1334 834 1519 892 captivos
1554 834 1829 878 Athenienses

352 898 461 941 fame
485 901 700 943 necabant.

452 967 478 1008 2
527 966 704 1024 Insuper
735 967 893 1010 Seneca
922 966 1030 1010 dicto
1059 966 1147 1009 loco
1177 967 1327 1022 probat
1358 967 1400 1010 in
1430 966 1620 1023 quaedam
1650 967 1826 1010 liberum

355 1047 444 1074 esse
476 1046 653 1082 servum,
691 1039 733 1076 et
764 1033 950 1075 beneficii
982 1047 1144 1089 quoque
1186 1033 1342 1076 habere
1381 1033 1612 1083 materiam,
1651 1033 1685 1075 si
1725 1034 1826 1090 quid

353 1098 499 1140 fecerit
522 1099 633 1153 quod
657 1099 818 1141 servilis
852 1099 969 1141 officii
1004 1099 1168 1141 modum
1205 1100 1391 1150 excedat,
1425 1100 1536 1156 quod
1567 1114 1649 1142 non
1673 1115 1726 1142 ex
1747 1100 1825 1141 im-

353 1164 467 1220 perio
489 1165 561 1206 sed
584 1179 635 1206 ex
658 1165 871 1208 voluntate
891 1170 1126 1221 praestetur,
1150 1165 1221 1208 ubi
1244 1181 1297 1207 ex
1321 1165 1545 1208 ministerio
1569 1165 1610 1207 in
1631 1166 1823 1208 affectum

350 1230 470 1272 amici
505 1231 718 1280 transitur,
758 1232 869 1287 quod
903 1231 988 1274 late
1024 1231 1217 1288 explicat.
1282 1232 1362 1274 His
1397 1237 1714 1275 consentaneum
1747 1238 1822 1282 est,

409 1366 423 1381 ⁰
446 1360 577 1399 Seneca]
608 1361 697 1389 Idem
720 1361 757 1389 de
784 1360 1028 1399 Tranquillitale
1042 1371 1052 1390 .·

351 1411 439 1449 (cap.
462 1411 512 1448 8.)
526 1411 664 1449 ιῙὶιηιίἶία
685 1411 866 1440 vestiarium
884 1411 965 1449 petit
988 1411 1053 1440 vic-

348 1465 481 1499 tumque.
522 1461 659 1490 Romani
674 1462 713 1489 ad
730 1462 858 1490 Bessam
874 1462 958 1499 apud
974 1461 1053 1490 Pro-

349 1511 476 1549 copium
492 1510 707 1540 Gottlzicorum
720 1520 771 1540 111.
789 1514 971 1550 χορηγεῖτε
982 1514 1054 1540 τοῖς

350 1561 519 1599 ὑμετέροις
561 1561 792 1600 αἰχμαλώτοις
825 1561 955 1600 τροφήν
995 1563 1053 1590 οὐκ

346 1612 523 1649 ἀρκοῦσαν,
546 1612 617 1640 οὺὸὲ
639 1612 727 1640 κατιί
747 1612 808 1646 τήν
828 1612 941 1648 κρείαν
965 1611 1053 1648 ἡμῶν

347 1660 565 1699 α’ποχρώσαν,
587 1661 666 1690 ἀλλ’
688 1661 730 1690 ὥς
750 1672 791 1699 ’γε
813 1660 941 1698 ἀποζῆν
961 1662 1050 1699 διαρ-

345 1712 408 1739 mie
424 1711 578 1749 ἔχουσαν·
599 1711 672 1740 dale
690 1712 778 1740 nobis
795 1712 904 1740 saltem
922 1715 955 1740 ut
975 1721 1049 1749 cap·

346 1761 419 1789 tiz-is
442 1762 552 1789 vestris
580 1762 737 1797 alimenta,
766 1772 825 1790 mm
853 1762 956 1791 [licam
984 1772 1050 1800 quw

346 1812 514 1850 safficiant,
536 1812 647 1849 qualia
662 1813 826 1842 necessitas
842 1816 950 1841 nostra
968 1812 1050 1841 desi-

346 1861 446 1896 derat,
467 1861 522 1889 secl
540 1871 606 1898 quat
625 1865 750 1889 mortem
770 1865 908 1890 arceant.
951 1862 1050 1900 (Cap.

347 1910 416 1947 17.)
457 1910 702 1947 Chrysostomus
724 1911 764 1939 ad
782 1912 937 1949 Ephesios
950 1922 981 1941 v.
1001 1914 1051 1941 21.

347 1959 430 1988 ὅταν
454 1959 551 1987 οὗτος
571 1959 630 1996 μὲν
648 1958 709 1993 τήν
730 1959 922 1996 σωματικήν
942 1961 1050 1989 διακο-

347 2009 419 2037 νίαν
443 2007 589 2046 παρέχῃ,
613 2009 653 2037 σὺ
677 2008 709 2036 δὲ
733 2008 775 2036 τὸ
800 2008 895 2044 σῶμα
921 2008 1050 2047 τρέψῃς

346 2059 400 2088 καὶ
413 2058 593 2096 θεραπεύῃς
605 2057 659 2087 καὶ
672 2061 819 2095 τροφαῖς
832 2057 884 2086 καὶ
895 2058 1049 2095 ἐνδύμασι

1122 1360 1175 1389 καὶ
1193 1359 1390 1397 ὑποδήμασι,
1406 1360 1458 1390 καὶ
1474 1360 1570 1389 οὗτος
1586 1359 1736 1389 δουλείας
1749 1359 1824 1388 ἐστὶ

1121 1409 1260 1447 τρόπος·
1276 1409 1330 1438 ὅτι
1345 1409 1402 1439 ἐάν
1416 1409 1461 1448 μή
1474 1410 1625 1448 παρέχῃς
1640 1411 1693 1439 καὶ
1709 1410 1748 1439 σὺ
1763 1411 1826 1445 τήν

1122 1461 1184 1493 σήν
1198 1461 1375 1496 διακονίαν,
1389 1460 1459 1489 οὐδὲ
1475 1460 1596 1489 ἐκεῖνος
1615 1459 1677 1495 τήν
1693 1459 1825 1496 ἑαυτοῦ,

1121 1510 1199 1540 ἀλλ’
1215 1510 1312 1540 ἔσται
1329 1510 1508 1548 ἐλεύθερος,
1532 1510 1585 1539 καὶ
1606 1511 1707 1540 οὐδεὶς
1723 1510 1825 1540 αὑτὸν

1119 1561 1305 1600 ἀναγκάσει
1333 1561 1430 1598 νόμος
1459 1561 1513 1590 καὶ
1541 1561 1585 1598 μή
1613 1561 1824 1599 τρεφόμενον

1119 1612 1224 1640 τοῦτο
1244 1615 1365 1641 ποιεῖν·
1388 1612 1440 1640 ubi
1456 1612 1508 1641 ille
1526 1612 1670 1650 corporis
1686 1611 1825 1640 ministe-

1118 1662 1172 1690 ria
1193 1662 1322 1698 exhibet,
1345 1665 1377 1690 ta
1398 1671 1470 1690 vero
1491 1671 1557 1690 eum
1573 1661 1647 1698 alis,
1671 1669 1826 1698 curasque

1119 1715 1151 1740 a!
1169 1715 1289 1750 praeter
1306 1711 1419 1740 victum
1444 1712 1556 1740 habeat
1577 1721 1638 1749 quo
1663 1711 1823 1747 induatur,

1119 1771 1180 1800 quo
1202 1761 1364 1797 calceetur,
1380 1764 1423 1790 cst
1438 1764 1465 1789 et
1480 1761 1537 1790 hoc
1551 1761 1708 1790 servitutis
1723 1760 1822 1799 quod-

1119 1810 1192 1839 dam
1206 1820 1319 1849 qcnus:
1344 1820 1415 1839 nam
1431 1810 1493 1839 nisi
1506 1814 1534 1839 et
1548 1814 1579 1839 ta
1594 1814 1679 1839 tuum
1698 1811 1755 1839 hoc
1769 1819 1823 1839 em-

1117 1861 1226 1890 Itibeas
1253 1861 1467 1897 ministerium,
1501 1870 1554 1889 nec
1582 1860 1635 1889 ille
1669 1860 1824 1890 exhibebit

1117 1920 1216 1946 snum,
1234 1911 1291 1939 sed
1311 1911 1389 1940 liber
1402 1910 1471 1946 erit,
1493 1919 1588 1948 neque
1602 1910 1670 1939 ulla
1689 1919 1755 1939 eum
1772 1910 1822 1939 leoe

1118 1962 1315 1999 constrinqet,
1336 1962 1364 1989 si
1387 1970 1447 1989 non
1471 1961 1589 1996 alatur,
1610 1969 1723 1998 operas
1736 1969 1822 1998 prae-

1116 2014 1212 2040 stare.
1254 2011 1364 2048 (Tom.
1381 2019 1434 2040 111.
1459 2019 1533 2048 pag.
1550 2010 1619 2040 860.
1649 2009 1740 2040 Edit.
1757 2009 1820 2039 Sa-

1117 2060 1189 2093 vil.)

348 2247 434 2281 four
464 2246 613 2281 bushels
641 2246 684 2281 of
707 2247 828 2282 wheat
848 2258 871 2281 a
891 2247 1033 2283 mouth.
1085 2249 1292 2283 Martianus
1314 2248 1378 2283 the
1393 2249 1506 2294 jurist
1526 2249 1658 2295 speaks
1682 2249 1726 2283 of
1751 2249 1817 2284 the

347 2303 471 2349 things
492 2304 611 2338 which
639 2303 704 2338 the
728 2308 866 2339 master
893 2305 922 2339 is
951 2305 1079 2340 bound
1109 2309 1148 2340 to
1177 2306 1331 2351 provide
1356 2306 1421 2340 the
1449 2306 1561 2346 slave,
1589 2318 1628 2340 as
1650 2305 1817 2351 clothing

344 2361 419 2394 and
445 2360 509 2395 the
534 2361 619 2395 like.
681 2360 761 2396 The
787 2362 930 2407 cruelty
960 2362 1003 2397 of
1024 2362 1088 2397 the
1116 2363 1296 2404 Sieilians,
1325 2362 1406 2397 who
1430 2363 1579 2397 starved
1606 2362 1671 2397 the
1699 2362 1816 2397 Athe-

344 2418 462 2459 nians,
482 2418 512 2452 is
533 2418 700 2453 branded
721 2419 761 2452 in
780 2418 933 2464 history.

415 2479 436 2509 2
476 2475 673 2510 Moreover
701 2475 844 2510 Seneca
874 2486 1005 2521 proves
1031 2476 1125 2518 that,
1150 2475 1209 2510 for
1231 2487 1332 2511 some
1358 2486 1549 2522 purposes,
1577 2473 1643 2510 the
1664 2475 1764 2511 slave
1784 2476 1815 2511 is

342 2532 444 2573 free3
475 2532 548 2566 and
566 2532 648 2567 that
664 2532 713 2567 he
729 2532 795 2567 has
817 2532 882 2567 the
903 2544 1030 2568 means
1048 2534 1091 2568 of
1109 2533 1322 2579 eonferring
1337 2533 1496 2568 benefits
1513 2544 1562 2568 on
1578 2531 1635 2567 his
1653 2537 1792 2568 master
1803 2545 1815 2575 3

342 2600 393 2631 as,
414 2589 448 2623 if
463 2589 511 2624 he
533 2590 581 2624 do
609 2589 790 2636 anything
818 2589 938 2624 which
961 2591 1116 2626 exceeds
1143 2590 1208 2625 the
1239 2601 1409 2625 measure
1439 2590 1484 2625 of
1510 2602 1533 2624 a
1559 2589 1687 2625 slave’s
1710 2590 1814 2636 duty,

343 2646 416 2680 and
444 2646 563 2681 which
583 2647 774 2692 proceeds,
795 2651 861 2682 not
890 2647 989 2682 from
1011 2648 1219 2690 command,
1244 2648 1311 2682 but
1341 2647 1439 2682 from
1463 2647 1666 2693 good-will,
1690 2647 1814 2682 where

342 2702 448 2738 there
468 2704 498 2739 is
519 2715 541 2738 a
561 2705 758 2739 transition
783 2704 882 2739 from
907 2706 1046 2740 service
1071 2709 1110 2739 to
1131 2705 1196 2740 the
1217 2705 1391 2740 affection
1412 2705 1455 2739 of
1471 2716 1493 2739 a
1513 2703 1646 2739 friend.
1709 2703 1813 2738 With

342 2759 415 2794 this
437 2772 565 2806 agrees
586 2761 684 2796 what
713 2762 879 2796 Terence
907 2773 1000 2808 says,
1022 2761 1078 2805 (in
1104 2762 1169 2796 the
1195 2760 1387 2805 Phormio)
1419 2761 1501 2796 that
1522 2761 1554 2795 if
1577 2772 1600 2794 a
1624 2761 1724 2795 slave
1745 2759 1812 2794 has

343 2818 455 2850 saved
475 2818 655 2864 anything
675 2819 724 2865 by
745 2819 860 2864 living
880 2819 1038 2865 sparely,
1060 2831 1102 2854 or
1122 2819 1288 2864 working
1308 2818 1540 2859 over-hours,
1560 2818 1590 2852 it
1611 2817 1744 2852 should
1765 2817 1812 2851 be

343 2872 382 2905 in
407 2884 429 2906 a
445 2885 524 2919 way
541 2875 597 2909 his
627 2886 718 2910 own.
783 2875 1012 2922 Theophilus
1034 2876 1173 2911 defines
1191 2876 1256 2910 the
1275 2876 1440 2922 physical
1462 2887 1581 2910 means
1604 2874 1648 2908 of
1667 2885 1689 2907 a
1712 2873 1812 2907 slave

344 2931 384 2962 to
401 2928 448 2963 be
469 2940 491 2962 a
507 2932 654 2966 natural
671 2933 894 2980 patrimony‚
912 2945 951 2969 as
973 2945 1027 2969 we
1048 2932 1167 2978 might
1187 2933 1310 2968 define
1330 2932 1606 2972 contubernium,
1619 2930 1684 2965 the
1701 2929 1811 2964 coha-
