1971 3326
77 163 168 198 CAP.
188 158 256 207 IL]
392 161 732 197 SUBDITORUM
762 161 864 196 PRO
896 161 1099 202 DEBITO,
1129 161 1238 196 ETO.
1495 155 1549 198 47

78 270 258 315 oratorie
293 269 425 328 magis
456 275 498 313 et
529 269 763 327 argumenti
788 283 920 319 causa,
949 283 1072 324 quam
1100 284 1153 311 ex
1177 284 1276 312 vero
1305 274 1346 311 et
1366 270 1462 325 jure
1497 270 1550 312 sit

78 338 244 381 dictum.
308 338 417 380 Nam
435 336 504 393 jus
533 336 718 394 gentium
743 342 790 379 ut
812 335 1012 392 supplices
1040 335 1311 392 suscipiantur
1336 342 1377 378 et
1410 336 1549 378 defen-

78 405 243 456 dantur,
273 410 319 447 ut
343 418 468 460 supra
496 403 684 453 diximus,
715 403 769 445 ad
793 417 861 444 eos
884 407 1057 453 tantum,
1084 403 1230 458 quibus
1261 403 1441 455 fortuna,
1467 418 1548 444 non
1569 414 1743 477 {¹³7¹''fi'x'd‘

79 471 232 514 crimen
253 472 402 520 obstat,
428 470 619 527 pertinet.
1611 464 1618 470 ⁸

180 540 208 580 4
257 537 478 593 Ceteroqui
499 552 573 593 par
592 536 660 593 jus
684 541 746 578 est
770 550 910 577 eorum
934 535 1045 591 apud
1067 550 1168 591 quos
1192 536 1345 578 crimen
1368 532 1438 590 fest
1468 536 1550 578 fac-

79 610 180 656 tum,
204 610 246 647 et
269 619 410 646 eorum
435 603 506 659 qui
529 609 685 645 sontem
710 602 856 657 punire
879 608 952 644 aut
976 602 1128 644 dedere
1152 609 1353 645 recusant.
1412 603 1551 659 Atque

79 672 185 714 adeo
217 677 290 714 aut
318 670 389 712 illa
412 670 501 726 ipsa
524 669 603 718 leX,
630 683 711 724 qua
738 667 868 709 utitur
898 669 1210 721 Demosthenes,
1243 670 1550 726 interpretatio-

81 753 175 780 nem
199 753 289 780 eam
314 751 436 793 quam
459 735 548 778 dico
579 749 631 776 ex
656 749 732 776 usu
752 733 919 790 recepit,
949 740 1021 775 aut
1049 735 1249 777 adversus
1273 736 1550 779 cavillationes

81 805 186 847 tales
218 802 450 860 expressius
476 807 620 858 postea
651 806 713 842 est
736 799 894 856 posita:
930 800 1077 842 horum
1110 800 1217 842 enim
1249 802 1423 844 alterum
1452 803 1550 858 quin

83 870 148 920 sit,
178 885 259 912 non
280 868 462 926 negabit,
496 867 566 924 qui
589 866 814 910 attenderit
837 867 891 908 ad
915 866 1015 908 illud
1039 858 1145 909 Julii
1168 867 1368 911 Pollucis:
1405 865 1550 929 οἱνδρο-
1568 885 1627 939 ιιὸι)
1640 885 1697 909 viu
1711 886 1735 910 6.

82 934 251 995 λήψᾳον
288 930 332 978 δὲ
371 932 483 979 ὅταν
523 954 589 981 τις
626 953 723 980 τους
764 928 1051 994 ἀιδροφόνους
1097 931 1450 995 καταφυγόντας
1497 916 1583 981 ὥςξ
1612 918 1635 941 O

83 1023 201 1050 ’Τίνας
231 999 433 1046 απαιτῶν
465 1021 524 1054 μη
553 997 774 1063 λαμβανῃ,
805 996 1027 1058 65667‘111
1007 1020 1055 1043 ΕΚ
1085 1021 1173 1045 TUM!
1201 1022 1276 1045 ovi<
1301 996 1552 1047 ἐΚδιδΟΙνΤων

82 1065 190 1130 ἄχρι
214 1071 302 1112 τῶν
329 1070 463 1127 τριῶν
487 1066 760 1127 ἀπαγαγεῖν·
795 1068 1014 1109 hominum
1038 1070 1267 1123 prehensio
1292 1077 1364 1119 est,
1391 1072 1552 1125 quoties

81 1138 178 1193 quis
200 1137 441 1178 homicidas
469 1137 545 1191 qui
568 1137 628 1177 ad
657 1136 827 1190 aliquos
857 1135 1138 1190 cooffuyerzmt
1160 1151 1244 1177 ozon
1275 1137 1433 1192 recipet
1458 1152 1553 1178 cam

83 1205 134 1245 id
148 1202 453 1259 postulaverit.
503 1203 626 1244 Nam
651 1202 727 1256 jus
751 1210 811 1244 est
837 1209 920 1244 tres
946 1202 1134 1244 homines
1154 1204 1448 1256 prehendendi
1472 1205 1553 1245 acl-

84 1284 230 1312 versus
265 1284 332 1311 eos
366 1270 442 1325 qui
476 1270 627 1311 dedere
662 1276 875 1311 moueant.
946 1268 1034 1309 Nec
1061 1268 1181 1310 aliter
1216 1269 1549 1325 Harpoclation:
1569 1272 1757 1336 {zonara

84 1331 377 1396 ἇνοροληψῖα,
407 1332 462 1378 τὸ
485 1331 697 1396 αρπαζειν
725 1330 918 1395 ἅνδρας’
899 1354 946 1377 εκ
972 1354 1087 1381 τινος
1116 1332 1298 1380 πόλεως.
1348 1333 1553 1397 ἐνεχάρα-

87 1400 160 1464 ζον
188 1421 281 1461 ’γαρ
308 1421 390 1454 την
420 1397 612 1462 ἐ’χουσαν
641 1398 772 1446 πόλιν
807 1420 885 1444 τον
919 1395 1196 1461 ανδροφόνον,
1233 1422 1302 1446 και
1327 1423 1385 1455 μη
1411 1407 1555 1464 προιέ-

85 1466 215 1521 μένην
243 1465 377 1511 αὑτὸν
408 1472 463 1515 εἷς
488 1469 710 1528 τιμωρίαν·
747 1470 830 1510 Jus
853 1468 1073 1509 homimum
1084 1470 1382 1525 prehensionis
1406 1479 1467 1512 est
1478 1485 1556 1524 yus

85 1537 293 1591 rapiendi
321 1536 492 1590 aliquos
527 1549 576 1577 ex
602 1536 705 1577 urbe
733 1536 895 1590 aleqzwc
959 1536 1081 1576 Nam
1115 1537 1163 1577 in
1198 1551 1292 1578 eam
1322 1538 1554 1586 civitatem,

86 1617 181 1658 quoe
223 1603 484 1644 homicidam
531 1609 697 1652 teneret,
748 1615 821 1643 nec
854 1615 992 1656 poence
1031 1603 1211 1651 defleret,
1250 1603 1558 1657 piynoratione

86 1669 329 1711 utebantur.

183 1736 209 1776 5
260 1733 400 1776 Simile
435 1732 528 1775 huic
563 1738 625 1775 est
656 1733 766 1789 quod
801 1734 854 1776 ad
885 1734 1212 1790 recuperandum
1247 1734 1376 1776 civem
1409 1734 1559 1790 injuria

87 1800 305 1843 manifesta
346 1806 523 1856 captum,
560 1799 737 1841 civitatis
774 1800 885 1856 apud
926 1814 1049 1855 quam
1088 1799 1131 1841 id
1169 1802 1320 1842 factum
1354 1807 1417 1843 est
1451 1801 1559 1842 cives

88 1867 331 1909 retinentur.
404 1865 472 1907 Sic
508 1864 762 1922 Carthagine
786 1865 952 1921 quidam
986 1865 1274 1921 impedierunt,
1307 1881 1359 1908 ne
1392 1866 1560 1908 Ariston
1579 1879 1778 1904 mannum.

88 1994 160 2014 meo
183 1984 309 2022 quidem
327 1983 458 2021 judicio.
498 1982 659 2011 Potuisset
683 1983 788 2018 etiam,
858 1983 994 2021 quadam
1007 1983 1177 2013 Editione:
1194 1992 1290 2020 quum
1301 1983 1477 2021 praesertim
1493 1983 1560 2022 ipse

88 2045 148 2074 pro
164 2033 262 2073 φήσω
278 2035 344 2071 γάρ
360 2034 457 2069 οὕτω,
469 2032 604 2062 seribere
620 2031 706 2067 θήσω
722 2033 789 2071 γάρ
857 2035 981 2063 vertat:
1003 2032 1057 2062 Ita
1071 2033 1150 2062 enim
1165 2043 1228 2063 rem
1242 2041 1373 2064 PONAM.
1414 2033 1450 2063 J.
1466 2034 1506 2063 B.

89 2087 190 2120 οὕτω,
206 2087 242 2114 ut
263 2087 311 2114 est
330 2083 363 2113 in
386 2082 479 2112 MSS.
496 2083 588 2112 bonae
602 2085 695 2119 notae,
711 2086 743 2112 et
758 2083 789 2111 in

90 2249 234 2295 slaying
247 2248 302 2295 'by
322 2248 492 2284 accident
513 2249 610 2283 erin
631 2248 884 2291 sels-defense,
905 2250 935 2284 is
963 2250 1042 2285 said
1063 2249 1191 2285 rather
1213 2251 1450 2298 oratorically
1470 2252 1561 2287 thau

90 2306 289 2351 according
308 2309 348 2340 to
369 2305 474 2340 truth
491 2306 564 2340 and
580 2307 735 2351 justice:
762 2306 820 2341 for
841 2307 905 2342 the
925 2307 994 2342 law
1019 2308 1062 2342 of
1083 2308 1229 2343 nations
1250 2308 1333 2343 that
1354 2309 1561 2355 suppliants

91 2375 156 2398 are
173 2366 212 2397 to
228 2363 276 2398 be
292 2363 462 2398 received
480 2363 554 2398 and
571 2363 768 2404 defended,
785 2364 926 2410 applies
944 2368 983 2400 to
1001 2365 1118 2406 those,
1135 2376 1174 2399 as
1191 2377 1245 2400 we
1261 2365 1355 2401 have
1372 2366 1462 2408 said,
1479 2366 1560 2401 who

90 2419 184 2455 have
203 2420 299 2455 been
319 2421 572 2462 unfortunate,
593 2424 660 2455 not
680 2421 859 2456 criminal.

168 2482 190 2511 4
226 2477 423 2512 Moreover
453 2477 517 2512 the
544 2478 677 2512 caseis
704 2477 769 2512 the
794 2489 895 2513 same
925 2490 964 2514 as
990 2483 1029 2514 to
1056 2479 1163 2515 those
1191 2491 1328 2526 among
1347 2480 1468 2514 whom
1496 2479 1561 2514 the

91 2534 206 2569 crime
222 2545 294 2568 was
312 2534 541 2575 committed,
558 2535 630 2568 and
648 2534 754 2570 those
772 2535 852 2571 who
870 2537 994 2572 refuse
1011 2541 1050 2571 to
1067 2537 1202 2582 punish
1220 2548 1262 2571 or
1280 2542 1317 2571 to
1333 2538 1415 2582 give
1429 2548 1478 2582 up
1496 2536 1561 2571 the

91 2591 211 2637 guilty
243 2601 388 2636 person.
452 2591 537 2624 And
568 2591 757 2627 therefore
785 2593 849 2628 the
877 2594 946 2628 law
976 2594 1096 2628 which
1126 2594 1399 2628 Demosthenes
1430 2597 1561 2638 quotes

92 2648 214 2683 either
243 2648 405 2682 receives
435 2647 534 2682 from
558 2659 671 2694 usage
697 2649 780 2684 that
806 2651 1094 2696 interpretat-ion
1125 2650 1244 2685 which
1275 2651 1293 2684 I
1319 2651 1412 2685 have
1442 2651 1562 2696 given,

92 2717 135 2740 or
155 2716 227 2740 was
248 2705 463 2739 afterwards
484 2706 671 2751 expressly
688 2707 797 2741 made
818 2708 962 2752 against
982 2708 1073 2742 such
1090 2709 1268 2742 evasions.
1313 2707 1411 2742 That
1433 2718 1503 2742 one
1522 2708 1565 2743 of

92 2762 198 2797 these
219 2766 291 2797 two
312 2774 384 2797 was
402 2762 466 2797 the
488 2773 571 2797 case
591 2763 665 2796 will
685 2767 751 2798 not
772 2764 818 2798 be
842 2765 975 2799 denied
996 2765 1045 2810 by
1063 2776 1136 2810 any
1157 2775 1227 2798 one
1248 2763 1330 2799 who
1351 2765 1498 2800 attends
1520 2769 1560 2800 to

91 2819 191 2855 what
211 2820 241 2854 is
262 2820 341 2854 said
362 2820 411 2866 by
431 2820 552 2855 Julius
573 2820 707 2854 Pollux
729 2820 772 2855 of
787 2821 860 2856 this
881 2822 1114 2868 androlepsy,
1144 2821 1327 2868 referring
1344 2823 1373 2858 it
1398 2826 1437 2858 to
1454 2822 1561 2859 those

92 2877 175 2911 who
197 2878 340 2912 receive
361 2877 426 2912 the
443 2877 638 2912 homicide.
690 2878 740 2912 So
760 2878 1034 2924 Harpocration
1056 2890 1105 2913 on
1122 2879 1356 2926 androlepsy.

167 2939 188 2968 5
218 2934 252 2969 A
270 2934 345 2970 like
366 2936 528 2981 practice
548 2935 578 2970 it
598 2935 638 2977 is,
658 2935 776 2979 when,
797 2940 835 2971 to
856 2947 1008 2971 recover
1029 2948 1051 2972 a
1071 2937 1202 2972 citizen
1222 2937 1331 2973 made
1347 2938 1491 2985 captive
1511 2938 1562 2984 by
