1971 3326
348 186 402 226 32
710 191 964 232 QUANTUM
994 190 1051 225 IN
1081 189 1245 224 BELLO
1277 189 1471 230 LICEAT,
1626 186 1721 234 [Lm.
1741 189 1811 224 ΙΙΙ.

349 299 544 343 divinitus
579 300 689 343 datae
717 301 921 358 specimen
957 299 1083 348 dedit,
1120 313 1209 340 cum
1240 299 1352 354 apud
1379 298 1572 340 mulieres
1607 299 1659 341 de
1690 304 1815 356 partu

348 366 558 423 litigantes
581 381 702 409 voces
726 382 795 409 eas
817 366 990 423 protulit
1013 379 1107 420 quae
1131 365 1383 405 voluntatem
1406 363 1617 406 scindendi
1648 364 1816 407 infantis

349 431 641 489 significarent,
667 447 758 474 cum
781 433 940 474 animus
958 431 995 472 ei
1018 429 1252 486 longissime
1267 443 1293 470 a
1316 429 1389 470 tali
1407 428 1619 471 voluntate
1639 430 1813 480 abesset,

350 503 392 539 et
415 512 526 540 verae
551 498 673 539 matri
697 513 813 539 suum
836 501 1002 553 partum
1023 494 1253 537 attribuere
1276 494 1413 536 vellet.
1487 494 1729 544 Quintiliani
1753 501 1816 538 est

130 564 331 626 iii'⁹{'[§‘³{3.'']']i³'
351 563 530 605 dictum:
569 564 809 619 aliquando
842 563 976 616 exiyit
1008 561 1242 603 communis
1265 561 1440 601 ictilitas
1469 567 1518 601 ut
1541 561 1672 601 etiam
1687 562 1816 615 falsa

350 630 652 683 defendantur.

450 694 568 736 XVI.
630 693 829 744 Quintum
854 707 943 735 esse
966 698 1116 749 potest,
1148 692 1336 748 nquoties
1360 691 1446 733 vita
1475 690 1713 739 innocentis,
1745 695 1818 733 aut

347 773 426 815 par
449 759 605 815 aliquid
626 759 747 802 aliter
770 759 941 809 servari,
978 764 1020 801 et
1043 758 1148 800 alter
1171 759 1224 800 ab
1245 756 1421 813 improbi
1444 756 1818 812 facinorisperfec-

347 825 458 867 tione
481 825 602 867 aliter
619 825 753 867 averti
776 840 858 866 non
876 830 1037 881 potest:
1063 824 1182 880 quale
1200 823 1278 865 fuit
1294 823 1446 865 factum
1471 823 1817 880 Hypermnestrae

349 905 442 946 quae
466 891 544 932 hoe
567 890 732 932 nomine
754 890 915 932 laudari
938 890 1053 939 solet,

128 906 224 930 Horat.
240 905 277 941 iii.

127 943 213 961 carm.
227 943 265 960 xi.

127 973 153 990 v.
165 968 204 990 35·
668 968 899 1015 ⁰Splendide
919 969 1091 1010 mendax,
1111 972 1149 1003 et
1170 969 1208 1002 in
1229 979 1339 1003 omne
1360 968 1463 1014 virgo

869 1026 1016 1060 Nobilis
1037 1037 1166 1060 aevum.

443 1093 585 1136 XVII.
640 1094 664 1132 1
712 1090 856 1133 Latius
880 1105 1001 1146 quam
1028 1105 1120 1146 quae
1139 1090 1226 1145 jam
1252 1090 1428 1132 diximus
1452 1096 1569 1147 patet
1593 1091 1702 1147 quod
1726 1104 1818 1147 pas-

348 1158 425 1200 sim
449 1162 636 1200 statuunt
667 1156 885 1212 sapientes,
919 1157 1030 1212 apud
1054 1156 1214 1197 hostem
1245 1155 1348 1197 falso
1377 1170 1565 1198 sermone
1594 1157 1654 1199 uti
1682 1157 1816 1198 licere.

351 1224 418 1266 Sic
441 1224 600 1281 regulae
622 1223 674 1265 de
697 1237 778 1264 non
803 1222 1038 1264 mentiendo
1062 1220 1345 1277 exceptionem
1368 1221 1444 1263 nisi
1463 1223 1661 1264 adversus
1679 1223 1819 1265 hostes

345 1341 395 1370 nis
409 1342 554 1376 inureret,
569 1340 612 1368 ait
624 1339 829 1369 Cassiodorus
840 1338 876 1367 de
885 1337 1045 1367 Amicitia.

350 1390 448 1429 [Cap.
479 1391 531 1418 De
558 1389 715 1418 Naturali
742 1388 845 1424 Motu,
874 1397 948 1425 pag.
978 1387 1046 1417 637.

1117 1347 1225 1366 sumus
1247 1338 1372 1375 objecti,
1394 1338 1496 1376 ponit,
1518 1338 1705 1368 necessitate
1728 1346 1818 1367 men-

1118 1387 1181 1416 tiri.
1204 1387 1304 1426 (Cap.
1321 1387 1386 1425 19.)

344 1440 436 1469 Edit.
468 1439 580 1469 Genev.
611 1439 699 1469 1650.
742 1438 804 1467 Sed
828 1438 854 1466 is
876 1437 956 1466 liber
983 1446 1046 1465 non

345 1492 394 1518 est
410 1488 616 1526 Cassiodori.]

406 1544 420 1558 ¹¹
456 1538 582 1576 Quoties
608 1538 675 1566 vita
703 1537 882 1573 innocentis,
904 1539 960 1565 aut
984 1545 1047 1573 par

345 1587 471 1625 aliquid
492 1588 586 1616 aliter
607 1586 739 1622 servari,
764 1590 791 1615 et
815 1586 896 1614 alter
923 1585 962 1613 ab
989 1585 1047 1613 im-

340 1637 606 1675 probisacinwis
622 1636 813 1674 perfectione
834 1635 928 1664 aliter
948 1634 1048 1663 averli

344 1696 405 1715 non
413 1687 530 1724 potest]
553 1686 754 1723 Augustinus
769 1686 801 1713 in
822 1694 853 1714 v.
878 1685 1048 1720 Psa1mum,

347 1736 385 1775 (ἓ
415 1737 450 1773 7)
479 1737 598 1765 relatus
627 1746 645 1765 a
674 1736 829 1765 Gratiano
851 1735 889 1763 1iu
923 1743 1047 1763 eausam

345 1795 438 1816 xxii.
455 1790 567 1824 quaest.
581 1795 620 1815 11.
636 1796 661 1815 c.
679 1795 718 1814 ne
733 1786 803 1823 quis
820 1787 865 1814 14.
911 1784 988 1822 [Sed
1003 1785 1048 1812 ita

346 1840 382 1865 ut
394 1838 488 1865 verba
502 1837 609 1874 paullo
620 1837 742 1864 diversa
756 1835 830 1864 sint.
846 1835 880 1864 J.
891 1833 949 1872 R]
972 1834 1048 1862 Duo

345 1894 417 1913 vero
432 1889 502 1913 sunt
516 1894 629 1922 qen-era
643 1885 871 1913 mendaciorum
888 1884 919 1911 in
938 1884 1049 1921 quibus

345 1943 406 1962 non
423 1938 465 1962 est
479 1943 594 1971 mayna
609 1933 711 1969 culpa,
722 1933 777 1961 sed
791 1936 891 1962 tamen
905 1942 964 1961 non
979 1936 1049 1961 sunt

345 1984 410 2012 sine
419 1984 524 2020 culpa,
535 1992 601 2012 cum
611 1981 828 2017 autjocamur,
840 1982 1047 2019 autprooeimo

346 2032 529 2061 consulendo
544 2031 715 2060 mentimur.
756 2030 847 2058 Illud
860 2033 960 2058 autem
976 2030 1048 2067 pri-

346 2091 427 2110 mum
450 2082 482 2109 in
496 2081 637 2117 jocando
659 2080 727 2108 ideo
747 2089 807 2108 non
830 2082 873 2107 est
891 2079 1048 2116 pernicio-

345 2141 422 2166 sum,
448 2131 525 2168 quia
547 2140 607 2159 non
618 2130 724 2168 fallit.
765 2128 865 2157 Novit
886 2129 965 2156 enim
986 2128 1048 2164 ille,

347 2180 397 2209 cui
412 2180 537 2215 dicitur,
553 2188 650 2208 causa
656 2178 789 2215 jocandi
793 2178 900 2215 fuisse
921 2178 1045 2206 dictzmz.

348 2230 521 2259 Secundum
548 2233 648 2258 autem
676 2228 744 2257 ideo
772 2228 871 2256 minus
897 2231 950 2263 est,
972 2228 1049 2265 quia

346 2281 456 2309 retinet
477 2279 655 2308 nonnullam
679 2278 925 2307 benevolentiam.
968 2277 1046 2305 Ter-

347 2330 498 2358 tullianus
513 2329 593 2357 libro
605 2329 641 2357 de
656 2328 822 2356 Pudicitia
837 2328 920 2356 inter
934 2327 1049 2355 delicta

348 2379 540 2417 quotidianae
556 2377 785 2414 incursationis‚
805 2377 919 2415 quibus
939 2385 1048 2405 omnes

1177 1441 1191 1456 ⁰
1213 1437 1380 1474 Splendide
1390 1436 1536 1475 mendax]
1553 1437 1615 1466 Ubi
1627 1437 1819 1473 scholiasta,

1119 1486 1264 1515 decenter.
1309 1486 1484 1516 Pulchrum
1507 1490 1549 1515 est
1572 1487 1651 1515 enim
1670 1496 1729 1524 pro
1747 1487 1819 1524 jus-

1118 1536 1191 1563 titia
1211 1535 1341 1565 mentiri.
1385 1536 1492 1564 Simile
1511 1539 1559 1565 est
1580 1536 1658 1564 illud
1682 1536 1817 1575 Chryso-

1120 1585 1214 1613 stomi
1231 1586 1270 1614 de
1285 1586 1436 1614 Rahabe:
1459 1584 1482 1614 ὦ
1506 1585 1607 1614 καλοῦ
1629 1586 1779 1624 ψεύδους,
1795 1585 1820 1614 ὦ

1118 1633 1221 1663 καλοῦ
1244 1635 1353 1670 δόλου,
1381 1636 1416 1663 οὺ
1437 1635 1651 1672 προδιδόντος
1671 1634 1716 1664 ‘ra‘
1736 1634 1819 1669 θεῖα,

1119 1683 1210 1712 ἀλλά
1236 1684 1475 1721 φυλάττοντος
1492 1684 1554 1719 ’τήν
1567 1684 1735 1722 ἀλήθειαν,
1750 1687 1818 1719 aut,

1119 1736 1155 1761 ut
1180 1733 1232 1762 alii
1257 1734 1374 1762 habent
1397 1734 1529 1768 codices,
1553 1733 1615 1768 τήν
1641 1734 1819 1771 εὐσέβειαν,

1121 1780 1136 1810 ὅ
1158 1783 1327 1821 pulchrum
1354 1784 1555 1820 mendacium,
1585 1783 1601 1812 ὂ
1629 1784 1819 1813 laudabilem

1119 1833 1232 1869 dolum,
1261 1843 1319 1861 non
1344 1834 1505 1871 prodentis
1532 1843 1582 1863 res
1604 1834 1738 1869 divinas,
1765 1833 1821 1862 secl

1119 1882 1318 1911 custodientis
1340 1892 1445 1911 veram
1461 1884 1618 1920 pietatem.
1660 1884 1817 1921 Augusti-

1119 1941 1178 1960 nus
1193 1932 1231 1960 de
1246 1931 1480 1960 Obstetricibus
1491 1932 1671 1970 AEgyptiis:
1695 1929 1711 1960 ὃ
1729 1941 1819 1970 may-

1118 1991 1189 2009 num
1211 1982 1415 2010 lzurnanitatis
1434 1982 1597 2020 inqenium,
1620 1981 1636 2009 ὂ
1653 1981 1741 2019 pium
1755 1991 1819 2019 pro

1118 2030 1219 2058 salute
1232 2030 1422 2059 mendacium
1435 2030 1449 2059 J
1476 2031 1601 2060 Laudat
1620 2032 1744 2060 easdem
1763 2032 1819 2060 ob-

1119 2080 1272 2115 stetriees,
1307 2083 1339 2109 et
1368 2082 1497 2118 praemia
1524 2082 1585 2110 illis
1612 2082 1696 2118 data,
1723 2082 1819 2111 etiam

1119 2131 1249 2164 aeterna,
1267 2129 1366 2157 credit
1386 2129 1599 2168 Hieronymus
1612 2132 1652 2159 ad
1669 2132 1819 2161 Ezechie-

1118 2178 1179 2206 lem
1195 2177 1299 2206 xxviii.
1316 2181 1406 2216 (pag.
1424 2180 1500 2216 481)
1515 2183 1547 2208 et
1561 2181 1600 2209 ad
1616 2180 1740 2209 Esaiam
1756 2181 1818 2210 lxv.

1120 2227 1211 2266 (pag.
1239 2229 1312 2267 249)
1348 2230 1536 2259 Ambrosius
1571 2231 1615 2259 ad
1649 2231 1819 2268 Syaqrium

1118 2278 1199 2305 libro
1227 2286 1303 2306 v111.
1339 2277 1456 2317 (Epist.
1474 2279 1570 2315 lxiii.)
1614 2279 1818 2316 Augustinus

1118 2327 1197 2365 ipse,
1217 2331 1253 2357 ut
1278 2329 1368 2364 solet,
1390 2330 1523 2365 varians,
1548 2330 1587 2358 ad
1611 2330 1817 2358 Consentium

1119 2380 1230 2406 contra
1248 2378 1444 2406 mendacium
1464 2387 1491 2408 c.
1508 2379 1554 2408 15.
1590 2378 1741 2408 Tostatus
1762 2388 1816 2408 ne-

423 2544 530 2579 XVI.

591 2543 625 2578 A
645 2543 729 2578 fifth
752 2553 833 2578 case
854 2554 940 2589 may
960 2542 1007 2577 be
1028 2542 1135 2576 when
1161 2542 1225 2576 the
1247 2542 1312 2577 life
1335 2541 1377 2576 of
1401 2552 1450 2575 an
1476 2542 1652 2575 innocent
1671 2551 1818 2586 person,

349 2612 392 2635 or
413 2601 625 2646 something
648 2601 691 2635 of
712 2601 786 2634 like
807 2600 926 2641 value,
952 2603 1089 2633 cannot
1106 2599 1300 2633 otherwise
1321 2599 1368 2633 be
1389 2598 1596 2644 preserved,
1617 2598 1691 2632 and
1711 2597 1817 2631 when

349 2658 508 2692 another
528 2668 663 2703 person
684 2660 820 2691 cannot
842 2655 1037 2690 otherwise
1059 2656 1105 2690 be
1131 2655 1310 2690 withheld
1336 2655 1435 2690 from
1466 2655 1530 2689 the
1561 2654 1817 2700 perpetration

350 2714 393 2748 of
410 2726 431 2748 a
451 2715 593 2749 wicked
614 2718 694 2749 act:
727 2725 766 2748 as
788 2714 826 2747 in
848 2713 911 2748 the
932 2724 1015 2747 case
1036 2713 1079 2746 of
1095 2713 1400 2758 Hypermnestra,
1416 2712 1520 2756 nobly
1530 2711 1639 2758 false.

421 2771 545 2804 XVII.
608 2775 624 2805 1
667 2770 781 2804 What
802 2770 955 2804 learned
985 2780 1071 2803 men
1101 2769 1313 2815 commonly
1334 2769 1395 2814 lay
1423 2768 1541 2807 down,
1561 2777 1648 2812 goes
1668 2765 1816 2800 further

349 2825 443 2860 than
463 2826 561 2861 what
581 2838 634 2861 we
654 2827 748 2861 have
779 2827 855 2861 said
868 2826 1087 2872 3-namely,
1108 2826 1191 2860 that
1215 2837 1269 2860 we
1299 2837 1383 2869 may
1404 2828 1505 2858 utter
1533 2822 1745 2857 falsehoods
1775 2826 1814 2857 to

350 2894 399 2915 an
418 2893 560 2928 enemy.
607 2883 707 2917 Thus
726 2887 764 2918 to
780 2883 844 2918 the
862 2883 942 2917 rule
960 2889 1021 2917 not
1037 2890 1069 2917 to
1088 2883 1141 2924 lie,
1156 2894 1204 2916 an
1222 2882 1426 2927 exception,
1440 2881 1553 2914 unless
1570 2886 1603 2914 to
1621 2891 1671 2913 cm
1686 2890 1815 2924 enemy,

352 2940 382 2973 is
410 2939 532 2973 added
561 2939 610 2985 by
640 2940 762 2983 Plato,
793 2939 1019 2986 Xenophon,
1048 2939 1157 2974 Philo
1187 2950 1324 2984 among
1351 2938 1415 2973 the
1441 2937 1549 2980 Jews,
1577 2936 1815 2982 Chrysostom
