1971 3326
751 186 814 221 Ac
846 185 1148 220 VERBORUM.

144 307 219 333 sunt
235 304 364 334 nullius.
385 305 417 335 ii.
432 306 463 340 8,
480 306 508 341 2,
522 306 550 341 3,
566 305 594 333 4.
632 304 713 333 Sunt
727 302 911 340 Principum

144 354 176 383 in
195 355 376 384 Germania.
402 355 434 384 ii.
449 357 479 392 8,
496 357 515 384 5

104 403 203 434 Feras
225 414 265 433 an
288 405 434 434 dominus
458 405 586 434 amittat
609 405 633 433 si
656 403 853 443 aufugerint.
878 402 910 432 ii.

143 456 173 490 8,
188 457 208 485 3

102 503 336 535 Ferruminatio
379 515 444 535 non
487 506 564 535 facit
599 505 828 535 confusionem.
877 504 909 533 ii.

143 555 172 590 8,
188 556 224 583 21

103 602 215 633 Feuda
230 605 362 640 Franca,
378 605 443 634 sive
457 605 571 635 libera.
594 606 614 634 i.
634 607 663 641 3,
688 606 737 640 23,
753 606 781 633 2.
823 603 910 633 Lon-

142 663 233 691 gaeva
244 654 442 692 possessione
457 656 677 693 acquiruntur.
699 655 730 684 ii.
745 656 773 690 2,
789 655 836 690 10,
851 655 870 683 3

102 702 307 742 Feudalejus
322 705 353 733 in
369 714 549 743 personam,
565 708 598 735 et
621 706 653 734 in
674 714 752 735 rem.
781 704 802 733 i.
817 706 846 740 3,
861 704 910 740 23,

143 756 170 790 1,
186 756 215 790 2,
231 756 251 784 3

103 805 252 835 Feudalis
280 805 434 844 obligatio
459 815 524 835 non
550 806 637 836 tollit
664 814 822 835 summum
849 805 909 834 im-

144 855 278 893 perium.
302 855 322 885 i.
338 856 367 892 3,
382 857 429 892 23,
444 856 463 884 2

103 903 258 934 Feudalia
284 914 387 944 regna
410 914 474 943 qua
494 905 692 934 successione
717 905 910 934 deferantur.

144 954 175 982 ii.
193 954 220 990 7,
236 956 284 990 20,
300 956 337 983 21

104 1002 250 1032 Feudum
265 1003 388 1041 ligium.
412 1003 432 1032 i.
448 1005 477 1041 3,
494 1005 542 1040 23,
557 1005 575 1032 2

103 1051 199 1082 Fides
214 1053 246 1081 111
262 1053 356 1082 bello.
378 1053 419 1082 iii.
435 1054 484 1088 19,
501 1056 529 1082 1.
553 1053 712 1088 Praedoni,
729 1055 761 1082 et
775 1054 909 1091 tyranno

146 1101 291 1132 debetur.
312 1102 356 1132 iii.
368 1103 417 1140 19,
427 1104 456 1139 2,
468 1105 496 1138 1,
506 1104 535 1133 2.
557 1102 682 1131 Perfido
694 1111 734 1130 an
744 1101 909 1130 servanda.

143 1150 187 1180 iii.
203 1151 251 1187 19,
267 1152 314 1180 13.
358 1151 603 1189 Compensando
619 1151 779 1189 quomodo
794 1150 909 1178 libere-

144 1202 207 1229 tur.
229 1200 272 1229 iii.
289 1201 337 1235 19,
354 1201 404 1230 15.
446 1201 558 1230 Tacita
572 1209 653 1238 quae.
675 1200 718 1229 iii.
733 1201 780 1235 24,
797 1201 824 1235 1,
838 1200 867 1234 4,
881 1199 909 1228 5.

146 1247 378 1277 Commendata
392 1249 423 1276 in
438 1248 532 1277 bello.
555 1248 596 1276 iii.
613 1248 662 1283 25,
679 1249 710 1277 1.
753 1248 832 1282 Quae
846 1246 908 1275 vim

118 1318 121 1320 >
143 1297 454 1336 habeatjuramenti.
476 1297 508 1326 ii.
527 1299 578 1334 13,
592 1299 630 1326 22

105 1346 184 1377 Fide
207 1346 272 1386 (in)
296 1357 363 1376 esse
388 1347 476 1385 quid.
505 1347 525 1376 i.
542 1349 571 1383 3,
586 1349 634 1383 21,
649 1348 678 1376 3.
707 1344 822 1385 (bona)
842 1354 909 1374 rem

145 1397 281 1426 alienam
304 1397 358 1435 qui
382 1398 468 1434 emit,
491 1397 629 1436 pretium
653 1406 693 1426 an
716 1398 854 1434 repetat.
876 1395 909 1423 11.

145 1448 194 1484 10,
210 1448 248 1476 10

105 1495 195 1525 Fidei
210 1496 333 1525 bellicae
349 1497 491 1535 partitio.
516 1496 559 1525 iii.
574 1497 622 1532 20,
636 1497 652 1524 1

105 1544 195 1575 Fidei
212 1545 327 1583 (bonae)
349 1549 382 1575 et
399 1546 501 1575 stricti
518 1546 600 1584 juris
615 1545 783 1574 discrimen
801 1554 841 1574 an
854 1554 909 1574 va-

144 1595 210 1624 leat
224 1596 309 1624 inter
322 1596 458 1634 populos
473 1596 624 1624 diversos
645 1595 677 1624 ii.
694 1595 743 1631 16,
759 1597 795 1623 11

326 1654 488 1684 possessor
503 1655 567 1674 non
582 1648 711 1675 tenetur
725 1645 764 1674 de
786 1654 820 1675 re
840 1654 912 1683 quae

144 1696 250 1734 periit.
271 1695 303 1724 ii.
320 1697 367 1731 10,
382 1697 402 1725 3

105 1662 182 1672 .—

482 1744 508 1773 si
522 1753 588 1773 rem
604 1743 658 1772 alii
675 1744 851 1780 donaverit,
870 1753 911 1773 an

146 1797 303 1824 teneatur.
326 1794 358 1823 ii.
369 1796 416 1830 10,
430 1794 459 1829 7,
473 1795 503 1823 4.
540 1793 572 1822 Si
586 1803 652 1822 rem
668 1794 856 1830 vendiderit,
871 1802 911 1822 an

147 1848 179 1874 et
195 1845 321 1883 quando
336 1847 494 1874 teneatur.
515 1844 546 1874 ii.
564 1846 612 1881 10,
627 1846 647 1873 8

485 1903 526 1922 311
563 1894 752 1923 naturaliter
787 1894 911 1923 fruetus

116 1955 120 1957 ‘
145 1953 219 1974 suos
234 1944 339 1973 faciat.
362 1943 395 1973 ii.
410 1945 439 1979 8,
456 1944 496 1972 23

483 1993 523 2022 ad
540 1992 585 2022 rei
606 1992 840 2022 restitutionem
861 1995 911 2022 te-

106 1912 225 1922 --—

146 2033 253 2073 netur.
274 2043 305 2073 ii.
320 2045 366 2079 10,
384 2046 410 2080 1,
425 2045 445 2072 3

146 2147 180 2173 et
195 2153 276 2182 quae.
298 2144 330 2173 ii.
345 2145 375 2180 8,
389 2145 429 2173 23

105 2210 187 2219 .--.
199 2193 315 2231 (malae)
330 2201 490 2231 possessor
505 2192 599 2230 quale
614 2192 669 2230 jus
691 2195 836 2230 tempore
856 2202 909 2222 ac-

146 2242 263 2281 quirat.
284 2243 327 2272 111.
342 2243 370 2279 7,
385 2243 414 2278 6,
428 2245 446 2272 2

483 2095 570 2122 recte
597 2092 758 2130 impendia
782 2093 911 2131 repetit,

485 2303 524 2323 an
540 2294 677 2332 speciem
692 2294 816 2332 perdat.
837 2294 869 2323 ii.
881 2295 910 2330 8,

118 2357 119 2361 ’
147 2346 187 2374 20

148 2445 188 2472 24

108 2492 401 2523 Fideicommissum
415 2491 543 2520 familiae
557 2490 703 2520 relictum
718 2500 811 2529 quem
827 2492 913 2521 ordi-

148 2552 221 2572 nem
236 2545 397 2580 sequatur.
419 2542 450 2570 ii.
468 2542 498 2577 7,
514 2542 552 2570 24

108 2591 367 2622 Fideicommisso
382 2590 518 2619 obnoxia
538 2590 683 2628 Iongaevo
701 2592 845 2629 tempore
859 2601 911 2621 ac-

149 2643 328 2680 quiruntur.
362 2640 393 2668 ii.
409 2642 439 2676 4,
456 2642 503 2676 10,
518 2641 538 2669 3

111 2692 302 2730 Fidejubens
317 2693 350 2719 et
368 2690 493 2718 solvens
516 2699 574 2727 pro
595 2690 701 2728 aliquo
717 2691 914 2730 contempla-

149 2741 237 2771 tione
264 2740 350 2769 tertii
377 2739 533 2767 actionem
567 2739 664 2768 habet
696 2739 730 2768 in
757 2749 830 2769 eum
859 2741 913 2779 qui

149 2791 301 2820 liberatus
317 2791 376 2817 est.
397 2788 428 2816 ii.
445 2789 491 2824 10,
505 2789 533 2824 2,
547 2789 566 2816 2

111 2839 287 2877 Fidejussio
303 2838 404 2876 qualis
417 2840 516 2866 aetus.
541 2837 573 2867 ii.
589 2838 636 2874 12,
650 2837 669 2867 6

111 2889 137 2921 F
140 2888 294 2927 idejussor
320 2888 360 2916 ad
385 2890 519 2917 mortem
544 2887 678 2926 obligari
706 2897 769 2919 non
799 2892 915 2929 potest,

150 2938 191 2968 ad
206 2937 332 2967 exilium
348 2939 464 2976 potest.
486 2936 517 2966 ii.
531 2938 580 2973 21,
595 2939 641 2973 11,
657 2938 685 2974 2,
698 2940 717 2968 3

486 2393 647 2432 impendia
670 2392 796 2431 repetit.
828 2395 857 2430 2,
882 2395 911 2431 8,

1707 178 1787 217 421

980 300 1190 338 Fidejussoris
1201 300 1366 339 obligatio,
1383 300 1564 329 immediate
1576 299 1669 329 unde.
1694 299 1725 328 ii.
1742 301 1779 328 21

1019 352 1069 386 11,
1086 353 1102 379 1

978 399 1062 428 Filia
1076 400 1184 429 fratris
1198 399 1327 439 majoris
1342 410 1381 429 311
1405 400 1604 438 praeferenda
1624 400 1715 429 fratri
1730 400 1790 428 mi-

1018 449 1087 477 nori
1103 449 1135 477 in
1151 449 1243 488 regni
1258 450 1465 478 successione.
1487 449 1520 477 ii.
1537 450 1565 485 7,
1579 450 1617 478 32

978 498 1003 528 F
1007 498 1078 527 ilius
1094 508 1133 527 an
1147 500 1261 528 debeat
1276 509 1425 528 accusare
1440 502 1563 537 patrem
1579 499 1787 537 proditorem.

1016 548 1045 577 ii.
1063 550 1110 585 18,
1126 550 1157 585 4,
1172 549 1202 583 7,
1218 548 1245 578 &
1264 558 1334 586 cap.
1349 549 1399 583 26,
1416 550 1446 586 3,
1463 550 1492 578 2.
1515 549 1545 577 A
1557 551 1648 586 patre
1663 556 1738 585 rege
1754 547 1786 576 in

1017 606 1117 635 regno
1127 598 1319 627 exhaeredari
1334 607 1374 626 an
1390 598 1500 636 possit.
1522 597 1553 626 ii.
1570 598 1597 633 7,
1611 598 1659 626 25.
1682 597 1787 625 Natus

1017 651 1108 686 patre
1125 648 1192 686 jam
1213 658 1290 686 rege
1311 658 1350 677 an
1368 648 1585 687 praeferendus
1602 650 1677 676 ante
1699 650 1786 676 nato.

1017 698 1051 727 ii.
1068 699 1095 734 7,
1111 700 1149 728 28

978 747 1060 776 Filio
1075 748 1220 777 abdicato
1231 750 1264 777 et
1278 748 1469 778 exheredato
1481 758 1520 777 an
1533 748 1610 787 quid
1622 748 1783 778 debeatur.

1017 797 1052 827 ii.
1067 798 1096 833 7,
1111 798 1128 827 7

978 847 1051 877 Filii
1066 848 1227 877 naturales
1241 859 1281 877 an
1297 849 1469 879 succedant
1483 849 1577 887 patri,
1593 851 1625 878 et
1639 847 1786 887 adoptari

1017 898 1151 936 possint.
1174 899 1206 928 ii.
1222 900 1249 935 7,
1264 901 1294 936 8,
1311 901 1329 928 2

977 948 1135 978 Finitivus
1150 953 1253 979 status
1268 951 1442 980 rhetorum.
1463 950 1495 981 ii.
1512 949 1560 985 16,
1574 951 1594 979 3

978 999 1084 1029 Flacci
1099 1001 1200 1029 dolus.
1224 1001 1266 1031 iii.
1282 1003 1310 1037 1,
1325 1003 1372 1037 13,
1387 1003 1406 1030 2

978 1049 1111 1079 Flumen
1127 1053 1232 1079 totum
1247 1051 1407 1080 interdum
1419 1051 1520 1089 ripam
1533 1051 1668 1080 altera-m
1680 1050 1785 1088 sequi-

1017 1103 1080 1128 tur.
1102 1100 1133 1129 ii.
1151 1101 1180 1136 3,
1202 1102 1251 1135 17,
1268 1102 1295 1137 1,
1311 1099 1339 1130 δῦ
1357 1102 1405 1137 18,
1422 1103 1451 1130 1.
1494 1101 1584 1130 Idem
1600 1109 1663 1139 quo
1678 1109 1782 1129 sensu.

1017 1149 1048 1179 ii.
1064 1151 1093 1190 9,
1109 1152 1138 1187 3,
1156 1153 1174 1180 2

980 1198 1127 1229 Flumina
1142 1201 1302 1238 quomodo
1317 1203 1523 1239 occupentur.
1551 1200 1587 1229 ii.
1601 1201 1629 1236 3,
1645 1201 1692 1235 10,
1709 1201 1725 1228 1

981 1249 1135 1279 Fluminis
1157 1259 1251 1279 cursu
1273 1253 1397 1280 mutato
1418 1259 1459 1279 an
1481 1250 1605 1289 imperii
1620 1249 1698 1279 fines
1712 1259 1784 1279 mu-

1019 1302 1138 1328 tentur.
1161 1300 1192 1327 ii.
1210 1300 1238 1335 3,
1258 1300 1305 1336 16,
1321 1301 1358 1329 17

978 1347 1109 1377 Foedus.
1157 1348 1232 1378 Vide
1247 1349 1362 1377 Fedus.

978 1398 1097 1427 Foenus
1113 1399 1283 1428 nauticum.
1306 1398 1353 1427 iii.
1368 1400 1415 1434 12,
1429 1399 1449 1428 5

978 1447 1153 1476 Funeraria
1167 1449 1249 1477 actio
1265 1448 1353 1487 cujus
1368 1451 1500 1477 naturae.
1523 1447 1555 1476 ii.
1574 1449 1622 1483 10,
1636 1448 1664 1483 9,
1680 1448 1698 1476 2

978 1497 1122 1526 Francici
1133 1498 1214 1536 juris
1230 1498 1385 1526 successio
1399 1498 1431 1526 in
1447 1498 1564 1536 regnis.
1588 1497 1621 1527 ii.
1635 1499 1662 1533 7,
1679 1498 1716 1526 21

979 1546 1175 1576 Francorum
1191 1547 1359 1585 imperium
1378 1547 1563 1576 distinctum
1585 1556 1604 1575 a
1625 1547 1783 1575 Romano.

1019 1596 1051 1626 ii.
1069 1597 1098 1634 9,
1116 1599 1163 1633 11,
1178 1599 1206 1626 3.
1251 1596 1358 1634 Regni
1380 1597 1490 1625 divisio
1514 1597 1546 1624 111
1572 1595 1727 1625 orientale
1751 1598 1784 1624 et

1020 1648 1226 1677 occidentale.
1255 1647 1330 1676 ibid.
1374 1647 1502 1686 Regum
1526 1647 1681 1676 successio
1709 1646 1785 1675 olim

1019 1697 1221 1735 aliquatenus
1249 1706 1268 1725 a
1291 1696 1402 1734 populi
1430 1696 1595 1725 voluntate
1620 1695 1786 1733 pependit.

1020 1746 1051 1775 ii.
1066 1746 1096 1781 9,
1109 1749 1157 1780 11,
1172 1747 1200 1775 3.
1225 1746 1284 1775 Jus
1299 1746 1338 1774 de
1353 1745 1548 1783 postliminio
1561 1748 1651 1774 extra
1665 1744 1784 1773 bellum

1018 1796 1190 1834 publicum.
1222 1795 1264 1825 iii.
1290 1795 1320 1832 9,
1337 1796 1384 1831 19,
1400 1797 1428 1823 2.
1472 1795 1532 1824 Jus
1560 1795 1643 1823 circa
1667 1803 1785 1823 servos.

1019 1846 1063 1874 iii.
1080 1846 1108 1881 7,
1122 1847 1154 1874 8.
1197 1845 1270 1874 Mos
1285 1844 1367 1873 circa
1382 1844 1532 1882 praedam.
1555 1843 1597 1872 iii.
1615 1844 1645 1879 6,
1663 1843 1711 1880 16,
1727 1845 1745 1872 2

979 1894 1093 1924 Frater
1116 1894 1220 1923 minor
1241 1904 1280 1923 an
1308 1894 1497 1933 praeferatur
1521 1893 1629 1922 fratris
1657 1893 1786 1931 majoris

1019 1944 1094 1973 filio.
1118 1944 1148 1972 ii.
1167 1945 1195 1980 7,
1210 1945 1247 1973 31

978 1995 1100 2025 Fratris
1114 1995 1197 2024 filius
1219 2004 1259 2023 311
1284 1997 1399 2032 patruo
1422 1993 1507 2032 regis
1522 1993 1738 2031 praeferendus
1752 1992 1785 2021 in

1018 2045 1226 2074 successione.
1249 2044 1279 2073 ii.
1295 2045 1322 2080 7,
1337 2046 1376 2073 32

977 2095 1176 2125 Fraudantes
1199 2094 1367 2133 vectigalia
1387 2094 1427 2122 ad
1451 2093 1526 2132 quid
1549 2095 1729 2123 teneantur.
1752 2093 1784 2122 ii.

1019 2146 1066 2181 17,
1083 2145 1120 2174 16

978 2195 1116 2224 Fructus
1140 2197 1176 2223 ut
1199 2194 1252 2223 uni
1274 2193 1394 2232 populo
1416 2194 1594 2222 vendantur
1617 2192 1722 2231 pactio
1744 2202 1784 2221 an

1017 2245 1114 2274 licita.
1137 2245 1169 2273 ii.
1186 2247 1214 2280 2,
1229 2246 1277 2273 24.
1321 2244 1384 2278 Qui
1399 2243 1596 2272 restituendi.
1630 2243 1662 2271 ii.
1689 2244 1736 2278 10,
1755 2244 1785 2278 4,

1018 2294 1048 2324 6.
1091 2294 1301 2323 Industriales
1316 2293 1361 2321 rei
1377 2302 1440 2321 non
1456 2292 1623 2321 debentur.
1645 2292 1676 2320 ii.
1696 2294 1743 2328 10,
1753 2294 1782 2321 4.

1020 2342 1213 2380 Consumpti
1240 2351 1280 2370 an
1308 2340 1509 2370 restituendi.
1542 2341 1575 2369 ii.
1599 2342 1647 2375 10,
1674 2342 1703 2369 5.
1747 2342 1785 2369 111

1018 2401 1096 2430 pace
1117 2392 1171 2429 qui
1196 2390 1335 2419 concessi
1355 2389 1590 2427 intelligantur.
1613 2389 1656 2419 iii.
1674 2391 1722 2425 20,
1737 2392 1785 2420 22.

1021 2442 1103 2470 Cum
1128 2450 1162 2469 re
1185 2439 1383 2468 restituendi.
1426 2438 1456 2466 ii.
1483 2439 1531 2474 10,
1554 2440 1582 2474 1,
1601 2439 1631 2468 5.
1676 2439 1785 2468 Resti-

1020 2490 1131 2520 tuendi
1147 2499 1184 2519 ex
1200 2490 1315 2518 damno
1331 2489 1416 2517 dato.
1438 2488 1472 2517 ii.
1489 2489 1536 2524 17,
1550 2489 1570 2516 4

980 2541 1047 2570 Fur
1062 2541 1102 2569 ad
1118 2540 1194 2577 quid
1210 2541 1369 2568 teneatur.
1392 2538 1423 2567 ii.
1441 2539 1490 2573 17,
1507 2538 1546 2568 16

979 2590 1073 2621 Furis
1094 2589 1241 2618 nocturni
1264 2591 1296 2617 et
1318 2587 1423 2616 diurni
1443 2587 1604 2617 distinctio
1628 2597 1691 2626 quo
1713 2588 1784 2627 jure

1020 2639 1150 2668 nitatur.
1174 2638 1208 2667 ii.
1224 2640 1251 2674 1,
1267 2639 1316 2672 12,
1332 2639 1348 2666 1

980 2688 1131 2718 Furiosus
1146 2687 1362 2725 promittendo
1378 2694 1441 2714 non
1456 2686 1627 2724 obligatur.
1651 2687 1682 2716 11.
1699 2689 1750 2723 11,
1765 2689 1785 2717 5

980 2738 1115 2767 Furtum
1132 2739 1245 2766 contra
1253 2736 1307 2774 jus
1323 2735 1479 2764 naturale.
1502 2735 1521 2764 i.
1540 2736 1568 2772 1,
1584 2737 1631 2772 10,
1646 2737 1666 2765 4

1359 2827 1400 2856 G.

984 2889 1233 2920 Gabaonitarum
1248 2887 1471 2919 controversia.
1494 2887 1526 2917 ii.
1543 2888 1590 2924 13,
1604 2887 1633 2923 4,
1647 2888 1666 2917 2

985 2941 1143 2971 Gallicum
1155 2940 1208 2979 jus
1223 2940 1262 2970 de
1277 2940 1384 2978 praeda
1398 2938 1566 2969 maritima.
1589 2938 1632 2968 iii.
1645 2937 1675 2974 6,
1690 2938 1739 2976 24,
1765 2938 1784 2967 8
