<?xml version="1.0" encoding="UTF-8"?>
<!DOCTYPE html PUBLIC "-//W3C//DTD XHTML 1.0 Transitional//EN"
    "http://www.w3.org/TR/xhtml1/DTD/xhtml1-transitional.dtd">
<html xmlns="http://www.w3.org/1999/xhtml" xml:lang="en" lang="en">
 <head>
  <title>
</title>
<meta http-equiv="Content-Type" content="text/html;charset=utf-8" />
  <meta name='ocr-system' content='tesseract 3.04.00' />
  <meta name='ocr-capabilities' content='ocr_page ocr_carea ocr_par ocr_line ocrx_word'/>
</head>
<body>
  <div class='ocr_page' id='page_1' title='image "./dejurebellietpac03grotuoft_0200.png"; bbox 0 0 1971 3326; ppageno 0'>
   <div class='ocr_carea' id='block_1_1' title="bbox 112 540 314 601">
    <p class='ocr_par' dir='ltr' id='par_1_1' title="bbox 112 540 314 601">
     <span class='ocr_line' id='line_1_1' title="bbox 112 540 314 571; baseline 0 -5"><span class='ocrx_word' id='word_1_1' title='bbox 112 541 172 566; x_wconf 84' lang='lat' dir='ltr'>Lib.</span> <span class='ocrx_word' id='word_1_2' title='bbox 181 540 198 565; x_wconf 87' lang='lat' dir='ltr'>i.</span> <span class='ocrx_word' id='word_1_3' title='bbox 213 542 246 567; x_wconf 79' lang='lat' dir='ltr'>de</span> <span class='ocrx_word' id='word_1_4' title='bbox 253 542 314 571; x_wconf 81' lang='lat' dir='ltr'>Ira,</span> 
     </span>
     <span class='ocr_line' id='line_1_2' title="bbox 113 573 186 601; baseline 0 -5"><span class='ocrx_word' id='word_1_5' title='bbox 113 579 135 596; x_wconf 89' lang='lat' dir='ltr'>c.</span> <span class='ocrx_word' id='word_1_6' title='bbox 147 573 186 601; x_wconf 79' lang='grc'>27.</span> 
     </span>
    </p>
   </div>
   <div class='ocr_carea' id='block_1_2' title="bbox 112 867 282 924">
    <p class='ocr_par' dir='ltr' id='par_1_2' title="bbox 112 867 282 924">
     <span class='ocr_line' id='line_1_3' title="bbox 112 867 250 893; baseline 0.014 -2"><span class='ocrx_word' id='word_1_7' title='bbox 112 867 172 892; x_wconf 85' lang='lat' dir='ltr'>Lib.</span> <span class='ocrx_word' id='word_1_8' title='bbox 187 868 203 892; x_wconf 88' lang='lat' dir='ltr'>i.</span> <span class='ocrx_word' id='word_1_9' title='bbox 216 868 250 893; x_wconf 84' lang='lat' dir='ltr'>de</span> 
     </span>
     <span class='ocr_line' id='line_1_4' title="bbox 114 899 282 924; baseline 0.006 -2"><span class='ocrx_word' id='word_1_10' title='bbox 114 899 193 923; x_wconf 81' lang='lat' dir='ltr'>Clem.</span> <span class='ocrx_word' id='word_1_11' title='bbox 208 906 230 924; x_wconf 89' lang='lat' dir='ltr'>c.</span> <span class='ocrx_word' id='word_1_12' title='bbox 245 899 282 924; x_wconf 88' lang='lat'>18.</span> 
     </span>
    </p>
   </div>
   <div class='ocr_carea' id='block_1_3' title="bbox 111 1400 313 1426">
    <p class='ocr_par' dir='ltr' id='par_1_3' title="bbox 111 1400 313 1426">
     <span class='ocr_line' id='line_1_5' title="bbox 111 1400 313 1426; baseline 0.005 -2"><span class='ocrx_word' id='word_1_13' title='bbox 111 1400 170 1425; x_wconf 84' lang='lat' dir='ltr'>Liv.</span> <span class='ocrx_word' id='word_1_14' title='bbox 184 1400 259 1426; x_wconf 81' lang='lat' dir='ltr'>xxvi.</span> <span class='ocrx_word' id='word_1_15' title='bbox 273 1401 313 1425; x_wconf 82' lang='lat'>31.</span> 
     </span>
    </p>
   </div>
   <div class='ocr_carea' id='block_1_4' title="bbox 112 1663 231 1689">
    <p class='ocr_par' dir='ltr' id='par_1_4' title="bbox 112 1663 231 1689">
     <span class='ocr_line' id='line_1_6' title="bbox 112 1663 231 1689; baseline 0.008 -2"><span class='ocrx_word' id='word_1_16' title='bbox 112 1664 167 1689; x_wconf 73' lang='lat' dir='ltr'>Pol.</span> <span class='ocrx_word' id='word_1_17' title='bbox 180 1663 198 1688; x_wconf 85' lang='lat' dir='ltr'>i.</span> <span class='ocrx_word' id='word_1_18' title='bbox 208 1664 231 1689; x_wconf 89' lang='grc'>6.</span> 
     </span>
    </p>
   </div>
   <div class='ocr_carea' id='block_1_5' title="bbox 332 214 1797 268">
    <p class='ocr_par' dir='ltr' id='par_1_5' title="bbox 332 214 1797 268">
     <span class='ocr_line' id='line_1_7' title="bbox 332 214 1797 268; baseline 0.001 -14"><span class='ocrx_word' id='word_1_19' title='bbox 332 214 415 255; x_wconf 83' lang='grc'>190</span> <span class='ocrx_word' id='word_1_20' title='bbox 778 220 980 257; x_wconf 86' lang='grc' dir='ltr'>ΜΟΝΙΤΑ</span> <span class='ocrx_word' id='word_1_21' title='bbox 1008 220 1077 256; x_wconf 90' lang='lat' dir='ltr'>DE</span> <span class='ocrx_word' id='word_1_22' title='bbox 1108 219 1206 264; x_wconf 87' lang='lat' dir='ltr'>HIS,</span> <span class='ocrx_word' id='word_1_23' title='bbox 1238 221 1358 263; x_wconf 82' lang='lat' dir='ltr'>QUAE</span> <span class='ocrx_word' id='word_1_24' title='bbox 1610 219 1797 268; x_wconf 78' lang='lat' dir='ltr'>[L1B.111.</span> 
     </span>
    </p>
   </div>
   <div class='ocr_carea' id='block_1_6' title="bbox 318 329 1800 1848">
    <p class='ocr_par' dir='ltr' id='par_1_6' title="bbox 331 329 1798 442">
     <span class='ocr_line' id='line_1_8' title="bbox 331 329 1798 390; baseline 0.002 -17"><span class='ocrx_word' id='word_1_25' title='bbox 331 336 379 374; x_wconf 88' lang='lat' dir='ltr'>ut</span> <span class='ocrx_word' id='word_1_26' title='bbox 407 329 581 388; x_wconf 84' lang='lat' dir='ltr'>justitiae</span> <span class='ocrx_word' id='word_1_27' title='bbox 615 336 756 390; x_wconf 83' lang='lat' dir='ltr'>partes</span> <span class='ocrx_word' id='word_1_28' title='bbox 790 337 947 375; x_wconf 85' lang='lat' dir='ltr'>statuat</span> <span class='ocrx_word' id='word_1_29' title='bbox 977 346 1061 374; x_wconf 89' lang='lat' dir='ltr'>non</span> <span class='ocrx_word' id='word_1_30' title='bbox 1095 330 1252 375; x_wconf 83' lang='lat' dir='ltr'>violare</span> <span class='ocrx_word' id='word_1_31' title='bbox 1286 329 1485 382; x_wconf 89' lang='lat' dir='ltr'>homines,</span> <span class='ocrx_word' id='word_1_32' title='bbox 1517 332 1798 376; x_wconf 80' lang='lat' dir='ltr'>¹verecundiae</span> 
     </span>
     <span class='ocr_line' id='line_1_9' title="bbox 332 399 659 442; baseline 0.009 -3"><span class='ocrx_word' id='word_1_33' title='bbox 332 412 415 440; x_wconf 90' lang='lat' dir='ltr'>non</span> <span class='ocrx_word' id='word_1_34' title='bbox 439 399 659 442; x_wconf 85' lang='lat' dir='ltr'>offendere.</span> 
     </span>
    </p>

    <p class='ocr_par' dir='ltr' id='par_1_7' title="bbox 318 463 1800 1380">
     <span class='ocr_line' id='line_1_10' title="bbox 433 463 1798 521; baseline 0.001 -14"><span class='ocrx_word' id='word_1_35' title='bbox 433 467 461 507; x_wconf 89' lang='lat'><strong>3</strong></span> <span class='ocrx_word' id='word_1_36' title='bbox 510 466 613 508; x_wconf 86' lang='lat' dir='ltr'>Cum</span> <span class='ocrx_word' id='word_1_37' title='bbox 637 480 685 508; x_wconf 93' lang='lat' dir='ltr'>eo</span> <span class='ocrx_word' id='word_1_38' title='bbox 709 479 829 521; x_wconf 91' lang='lat' dir='ltr'>quem</span> <span class='ocrx_word' id='word_1_39' title='bbox 853 479 905 506; x_wconf 87' lang='lat' dir='ltr'>ex</span> <span class='ocrx_word' id='word_1_40' title='bbox 932 465 1088 507; x_wconf 82' lang='lat' dir='ltr'>Seneca</span> <span class='ocrx_word' id='word_1_41' title='bbox 1112 463 1359 507; x_wconf 83' lang='lat' dir='ltr'><strong>adduximus</strong></span> <span class='ocrx_word' id='word_1_42' title='bbox 1378 478 1499 508; x_wconf 90' lang='lat' dir='ltr'>versu</span> <span class='ocrx_word' id='word_1_43' title='bbox 1521 464 1628 507; x_wconf 92' lang='lat' dir='ltr'>bene</span> <span class='ocrx_word' id='word_1_44' title='bbox 1650 480 1798 509; x_wconf 85' lang='lat' dir='ltr'>conve-</span> 
     </span>
     <span class='ocr_line' id='line_1_11' title="bbox 331 529 1799 587; baseline 0.003 -16"><span class='ocrx_word' id='word_1_45' title='bbox 331 529 394 572; x_wconf 87' lang='lat' dir='ltr'>nit</span> <span class='ocrx_word' id='word_1_46' title='bbox 416 530 569 573; x_wconf 91' lang='lat' dir='ltr'>dictum</span> <span class='ocrx_word' id='word_1_47' title='bbox 594 531 775 587; x_wconf 86' lang='lat' dir='ltr'>ejusdem</span> <span class='ocrx_word' id='word_1_48' title='bbox 799 531 842 572; x_wconf 88' lang='lat' dir='ltr'>in</span> <span class='ocrx_word' id='word_1_49' title='bbox 865 530 1027 587; x_wconf 86' lang='lat' dir='ltr'>scriptis</span> <span class='ocrx_word' id='word_1_50' title='bbox 1050 530 1365 587; x_wconf 85' lang='lat' dir='ltr'>philosophicis:</span> <span class='ocrx_word' id='word_1_51' title='bbox 1403 533 1421 552; x_wconf 84' lang='lat' dir='ltr'>a</span> <span class='ocrx_word' id='word_1_52' title='bbox 1435 533 1577 583; x_wconf 78' lang='lat' dir='ltr'><em>Quam</em></span> <span class='ocrx_word' id='word_1_53' title='bbox 1611 541 1799 587; x_wconf 72' lang='lat' dir='ltr'>anqusta</span> 
     </span>
     <span class='ocr_line' id='line_1_12' title="bbox 331 598 1799 654; baseline 0.001 -16"><span class='ocrx_word' id='word_1_54' title='bbox 331 598 576 639; x_wconf 75' lang='lat' dir='ltr'>innocentia</span> <span class='ocrx_word' id='word_1_55' title='bbox 594 605 654 639; x_wconf 74' lang='lat' dir='ltr'>est</span> <span class='ocrx_word' id='word_1_56' title='bbox 672 599 734 639; x_wconf 81' lang='lat' dir='ltr'>ad</span> <span class='ocrx_word' id='word_1_57' title='bbox 758 599 887 653; x_wconf 72' lang='lat' dir='ltr'>leyem</span> <span class='ocrx_word' id='word_1_58' title='bbox 912 598 1063 640; x_wconf 74' lang='lat' dir='ltr'>bonum</span> <span class='ocrx_word' id='word_1_59' title='bbox 1087 613 1171 641; x_wconf 74' lang='lat' dir='ltr'>esse</span> <span class='ocrx_word' id='word_1_60' title='bbox 1187 598 1210 640; x_wconf 68' lang='grc' dir='ltr'><em>Ρ</em></span> <span class='ocrx_word' id='word_1_61' title='bbox 1232 606 1394 654; x_wconf 79' lang='lat' dir='ltr'>quanto</span> <span class='ocrx_word' id='word_1_62' title='bbox 1413 599 1548 640; x_wconf 76' lang='lat' dir='ltr'>latius</span> <span class='ocrx_word' id='word_1_63' title='bbox 1569 599 1799 653; x_wconf 82' lang='lat' dir='ltr'>officiorum</span> 
     </span>
     <span class='ocr_line' id='line_1_13' title="bbox 322 664 1796 720; baseline 0.003 -17"><span class='ocrx_word' id='word_1_64' title='bbox 322 671 451 718; x_wconf 73' lang='lat' dir='ltr'>patet</span> <span class='ocrx_word' id='word_1_65' title='bbox 484 678 615 718; x_wconf 80' lang='lat' dir='ltr'>quam</span> <span class='ocrx_word' id='word_1_66' title='bbox 632 664 754 718; x_wconf 77' lang='lat' dir='ltr'>juris</span> <span class='ocrx_word' id='word_1_67' title='bbox 787 664 980 719; x_wconf 71' lang='lat' dir='ltr'>reyula?</span> <span class='ocrx_word' id='word_1_68' title='bbox 1013 680 1146 720; x_wconf 77' lang='lat' dir='ltr'><em>quam</em></span> <span class='ocrx_word' id='word_1_69' title='bbox 1173 666 1313 706; x_wconf 81' lang='lat' dir='ltr'>multa</span> <span class='ocrx_word' id='word_1_70' title='bbox 1336 665 1498 720; x_wconf 76' lang='lat' dir='ltr'>pietas,</span> <span class='ocrx_word' id='word_1_71' title='bbox 1531 665 1796 714; x_wconf 78' lang='lat' dir='ltr'>humanitas,</span> 
     </span>
     <span class='ocr_line' id='line_1_14' title="bbox 331 730 1799 786; baseline 0.002 -16"><span class='ocrx_word' id='word_1_72' title='bbox 331 730 593 780; x_wconf 77' lang='lat' dir='ltr'>liberalitas,</span> <span class='ocrx_word' id='word_1_73' title='bbox 602 730 802 785; x_wconf 76' lang='lat' dir='ltr'>justitia,</span> <span class='ocrx_word' id='word_1_74' title='bbox 812 732 924 785; x_wconf 77' lang='lat' dir='ltr'>fides</span> <span class='ocrx_word' id='word_1_75' title='bbox 942 732 1117 786; x_wconf 67' lang='lat' dir='ltr'>eoeifflmt</span> <span class='ocrx_word' id='word_1_76' title='bbox 1132 732 1155 773; x_wconf 69' lang='lat'>,9</span> <span class='ocrx_word' id='word_1_77' title='bbox 1177 746 1270 785; x_wconf 80' lang='lat' dir='ltr'>quce</span> <span class='ocrx_word' id='word_1_78' title='bbox 1288 732 1435 773; x_wconf 80' lang='lat' dir='ltr'>omnia</span> <span class='ocrx_word' id='word_1_79' title='bbox 1453 739 1577 773; x_wconf 74' lang='lat' dir='ltr'>extra</span> <span class='ocrx_word' id='word_1_80' title='bbox 1588 731 1799 786; x_wconf 77' lang='lat' dir='ltr'>publicas</span> 
     </span>
     <span class='ocr_line' id='line_1_15' title="bbox 333 795 1800 854; baseline 0.001 -18"><span class='ocrx_word' id='word_1_81' title='bbox 333 796 508 838; x_wconf 75' lang='lat' dir='ltr'>tabulas</span> <span class='ocrx_word' id='word_1_82' title='bbox 531 805 642 838; x_wconf 76' lang='lat' dir='ltr'>sunt.</span> <span class='ocrx_word' id='word_1_83' title='bbox 714 795 799 838; x_wconf 88' lang='lat' dir='ltr'>Ubi</span> <span class='ocrx_word' id='word_1_84' title='bbox 827 796 943 838; x_wconf 87' lang='lat' dir='ltr'>vides</span> <span class='ocrx_word' id='word_1_85' title='bbox 965 796 1034 852; x_wconf 83' lang='lat' dir='ltr'>jus</span> <span class='ocrx_word' id='word_1_86' title='bbox 1058 811 1083 838; x_wconf 86' lang='lat' dir='ltr'>a</span> <span class='ocrx_word' id='word_1_87' title='bbox 1100 796 1263 853; x_wconf 88' lang='lat' dir='ltr'>justitia</span> <span class='ocrx_word' id='word_1_88' title='bbox 1287 796 1497 854; x_wconf 82' lang='lat' dir='ltr'>distingui,</span> <span class='ocrx_word' id='word_1_89' title='bbox 1523 796 1619 852; x_wconf 87' lang='lat' dir='ltr'>quia</span> <span class='ocrx_word' id='word_1_90' title='bbox 1638 796 1706 852; x_wconf 83' lang='lat' dir='ltr'>jus</span> <span class='ocrx_word' id='word_1_91' title='bbox 1729 810 1800 838; x_wconf 88' lang='lat' dir='ltr'>ac-</span> 
     </span>
     <span class='ocr_line' id='line_1_16' title="bbox 333 861 1799 920; baseline 0.002 -18"><span class='ocrx_word' id='word_1_92' title='bbox 333 861 431 918; x_wconf 81' lang='lat' dir='ltr'>cipit</span> <span class='ocrx_word' id='word_1_93' title='bbox 454 861 509 911; x_wconf 90' lang='lat' dir='ltr'>id,</span> <span class='ocrx_word' id='word_1_94' title='bbox 534 862 644 917; x_wconf 89' lang='lat' dir='ltr'>quod</span> <span class='ocrx_word' id='word_1_95' title='bbox 667 862 709 903; x_wconf 91' lang='lat' dir='ltr'>in</span> <span class='ocrx_word' id='word_1_96' title='bbox 726 862 892 918; x_wconf 86' lang='lat' dir='ltr'>judiciis</span> <span class='ocrx_word' id='word_1_97' title='bbox 916 862 1099 905; x_wconf 85' lang='lat' dir='ltr'>externis</span> <span class='ocrx_word' id='word_1_98' title='bbox 1123 862 1250 920; x_wconf 81' lang='lat' dir='ltr'>viget.</span> <span class='ocrx_word' id='word_1_99' title='bbox 1297 863 1415 905; x_wconf 88' lang='lat' dir='ltr'>Idem</span> <span class='ocrx_word' id='word_1_100' title='bbox 1438 862 1481 904; x_wconf 91' lang='lat' dir='ltr'>id</span> <span class='ocrx_word' id='word_1_101' title='bbox 1501 862 1599 905; x_wconf 87' lang='lat' dir='ltr'>alibi</span> <span class='ocrx_word' id='word_1_102' title='bbox 1621 862 1799 918; x_wconf 81' lang='lat' dir='ltr'>explicat</span> 
     </span>
     <span class='ocr_line' id='line_1_17' title="bbox 332 927 1799 984; baseline 0.001 -15"><span class='ocrx_word' id='word_1_103' title='bbox 332 927 501 984; x_wconf 77' lang='lat' dir='ltr'>egregie</span> <span class='ocrx_word' id='word_1_104' title='bbox 522 928 710 984; x_wconf 81' lang='lat' dir='ltr'>exemplo</span> <span class='ocrx_word' id='word_1_105' title='bbox 728 928 835 984; x_wconf 87' lang='lat' dir='ltr'>juris</span> <span class='ocrx_word' id='word_1_106' title='bbox 859 927 999 970; x_wconf 86' lang='lat' dir='ltr'>herilis</span> <span class='ocrx_word' id='word_1_107' title='bbox 1020 928 1062 970; x_wconf 92' lang='lat' dir='ltr'>in</span> <span class='ocrx_word' id='word_1_108' title='bbox 1086 943 1252 971; x_wconf 87' lang='lat' dir='ltr'>servos:</span> <span class='ocrx_word' id='word_1_109' title='bbox 1287 931 1344 970; x_wconf 82' lang='lat' dir='ltr'>In</span> <span class='ocrx_word' id='word_1_110' title='bbox 1364 930 1584 984; x_wconf 77' lang='lat' dir='ltr'>mancipio</span> <span class='ocrx_word' id='word_1_111' title='bbox 1608 930 1799 984; x_wconf 68' lang='lat' dir='ltr'>coqitan-</span> 
     </span>
     <span class='ocr_line' id='line_1_18' title="bbox 331 996 1798 1051; baseline 0 -16"><span class='ocrx_word' id='word_1_112' title='bbox 331 996 437 1035; x_wconf 82' lang='lat' dir='ltr'>dum</span> <span class='ocrx_word' id='word_1_113' title='bbox 460 1002 534 1043; x_wconf 78' lang='lat' dir='ltr'>est,</span> <span class='ocrx_word' id='word_1_114' title='bbox 558 1010 642 1036; x_wconf 68' lang='lat' dir='ltr'>ozon</span> <span class='ocrx_word' id='word_1_115' title='bbox 671 1003 888 1050; x_wconf 70' lang='lat' dir='ltr'>quamtum</span> <span class='ocrx_word' id='word_1_116' title='bbox 909 996 1027 1036; x_wconf 75' lang='lat' dir='ltr'>illud</span> <span class='ocrx_word' id='word_1_117' title='bbox 1050 997 1223 1050; x_wconf 75' lang='lat' dir='ltr'>impune</span> <span class='ocrx_word' id='word_1_118' title='bbox 1236 997 1343 1050; x_wconf 75' lang='lat' dir='ltr'>pati</span> <span class='ocrx_word' id='word_1_119' title='bbox 1355 996 1499 1050; x_wconf 76' lang='lat' dir='ltr'>possit</span> <span class='ocrx_word' id='word_1_120' title='bbox 1514 1012 1529 1043; x_wconf 93' lang='lat'>,·</span> <span class='ocrx_word' id='word_1_121' title='bbox 1567 997 1642 1037; x_wconf 83' lang='lat' dir='ltr'>sed</span> <span class='ocrx_word' id='word_1_122' title='bbox 1661 1010 1798 1051; x_wconf 78' lang='lat' dir='ltr'><strong><em>quan-</em></strong></span> 
     </span>
     <span class='ocr_line' id='line_1_19' title="bbox 332 1061 1798 1117; baseline 0 -16"><span class='ocrx_word' id='word_1_123' title='bbox 332 1068 425 1101; x_wconf 79' lang='lat' dir='ltr'>tum</span> <span class='ocrx_word' id='word_1_124' title='bbox 451 1061 532 1101; x_wconf 80' lang='lat' dir='ltr'>tibi</span> <span class='ocrx_word' id='word_1_125' title='bbox 553 1062 786 1117; x_wconf 79' lang='lat' dir='ltr'>permittat</span> <span class='ocrx_word' id='word_1_126' title='bbox 807 1062 920 1116; x_wconf 68' lang='lat' dir='ltr'>aequi</span> <span class='ocrx_word' id='word_1_127' title='bbox 943 1062 1119 1114; x_wconf 74' lang='lat' dir='ltr'>bonique</span> <span class='ocrx_word' id='word_1_128' title='bbox 1144 1066 1323 1110; x_wconf 72' lang='lat' dir='ltr'>natura,</span> <span class='ocrx_word' id='word_1_129' title='bbox 1347 1076 1444 1114; x_wconf 80' lang='lat' dir='ltr'>quae</span> <span class='ocrx_word' id='word_1_130' title='bbox 1461 1076 1645 1116; x_wconf 75' lang='lat' dir='ltr'>parcere</span> <span class='ocrx_word' id='word_1_131' title='bbox 1668 1063 1798 1103; x_wconf 76' lang='lat' dir='ltr'>etiam</span> 
     </span>
     <span class='ocr_line' id='line_1_20' title="bbox 330 1126 1797 1181; baseline 0 -14"><span class='ocrx_word' id='word_1_132' title='bbox 330 1127 519 1180; x_wconf 74' lang='lat' dir='ltr'>captivis</span> <span class='ocrx_word' id='word_1_133' title='bbox 553 1134 594 1167; x_wconf 79' lang='lat' dir='ltr'>et</span> <span class='ocrx_word' id='word_1_134' title='bbox 616 1128 762 1181; x_wconf 79' lang='lat' dir='ltr'>pretio</span> <span class='ocrx_word' id='word_1_135' title='bbox 786 1128 970 1181; x_wconf 76' lang='lat' dir='ltr'>paratis</span> <span class='ocrx_word' id='word_1_136' title='bbox 990 1127 1124 1181; x_wconf 78' lang='lat' dir='ltr'>jubet.</span> <span class='ocrx_word' id='word_1_137' title='bbox 1194 1126 1382 1169; x_wconf 85' lang='lat' dir='ltr'>Deinde:</span> <span class='ocrx_word' id='word_1_138' title='bbox 1413 1142 1510 1169; x_wconf 83' lang='lat' dir='ltr'>cum</span> <span class='ocrx_word' id='word_1_139' title='bbox 1545 1128 1593 1168; x_wconf 81' lang='lat' dir='ltr'>in</span> <span class='ocrx_word' id='word_1_140' title='bbox 1628 1141 1797 1169; x_wconf 79' lang='lat' dir='ltr'>servum</span> 
     </span>
     <span class='ocr_line' id='line_1_21' title="bbox 329 1192 1798 1248; baseline 0.001 -16"><span class='ocrx_word' id='word_1_141' title='bbox 329 1193 476 1233; x_wconf 76' lang='lat' dir='ltr'>omnia</span> <span class='ocrx_word' id='word_1_142' title='bbox 502 1192 672 1243; x_wconf 77' lang='lat' dir='ltr'>liceant,</span> <span class='ocrx_word' id='word_1_143' title='bbox 698 1200 759 1234; x_wconf 79' lang='lat' dir='ltr'>est</span> <span class='ocrx_word' id='word_1_144' title='bbox 783 1193 957 1245; x_wconf 80' lang='lat' dir='ltr'>aliquid</span> <span class='ocrx_word' id='word_1_145' title='bbox 988 1194 1100 1248; x_wconf 77' lang='lat' dir='ltr'>quod</span> <span class='ocrx_word' id='word_1_146' title='bbox 1130 1194 1178 1235; x_wconf 77' lang='lat' dir='ltr'>in</span> <span class='ocrx_word' id='word_1_147' title='bbox 1200 1194 1411 1236; x_wconf 79' lang='lat' dir='ltr'>hominem</span> <span class='ocrx_word' id='word_1_148' title='bbox 1435 1194 1561 1235; x_wconf 85' lang='lat' dir='ltr'>licere</span> <span class='ocrx_word' id='word_1_149' title='bbox 1582 1207 1798 1234; x_wconf 78' lang='lat' dir='ltr'>commune</span> 
     </span>
     <span class='ocr_line' id='line_1_22' title="bbox 318 1258 1798 1314; baseline 0.002 -16"><span class='ocrx_word' id='word_1_150' title='bbox 318 1258 396 1312; x_wconf 77' lang='lat' dir='ltr'>jus</span> <span class='ocrx_word' id='word_1_151' title='bbox 419 1259 712 1300; x_wconf 75' lang='lat' dir='ltr'>animantiimi</span> <span class='ocrx_word' id='word_1_152' title='bbox 727 1266 861 1301; x_wconf 79' lang='lat' dir='ltr'>vetet.-</span> <span class='ocrx_word' id='word_1_153' title='bbox 885 1273 967 1314; x_wconf 92' lang='lat' dir='ltr'>quo</span> <span class='ocrx_word' id='word_1_154' title='bbox 990 1259 1033 1300; x_wconf 91' lang='lat' dir='ltr'>in</span> <span class='ocrx_word' id='word_1_155' title='bbox 1056 1258 1144 1300; x_wconf 88' lang='lat' dir='ltr'>loco</span> <span class='ocrx_word' id='word_1_156' title='bbox 1168 1259 1353 1301; x_wconf 84' lang='lat' dir='ltr'>notanda</span> <span class='ocrx_word' id='word_1_157' title='bbox 1370 1258 1520 1301; x_wconf 88' lang='lat' dir='ltr'>iterum</span> <span class='ocrx_word' id='word_1_158' title='bbox 1539 1258 1649 1301; x_wconf 87' lang='lat' dir='ltr'>vocis</span> <span class='ocrx_word' id='word_1_159' title='bbox 1671 1259 1798 1301; x_wconf 85' lang='lat' dir='ltr'>licere</span> 
     </span>
     <span class='ocr_line' id='line_1_23' title="bbox 329 1323 1460 1380; baseline 0.002 -15"><span class='ocrx_word' id='word_1_160' title='bbox 329 1323 494 1366; x_wconf 83' lang='lat' dir='ltr'>diversa</span> <span class='ocrx_word' id='word_1_161' title='bbox 517 1324 714 1380; x_wconf 82' lang='lat' dir='ltr'>acceptio,</span> <span class='ocrx_word' id='word_1_162' title='bbox 740 1324 874 1366; x_wconf 83' lang='lat' dir='ltr'>altera</span> <span class='ocrx_word' id='word_1_163' title='bbox 896 1324 1091 1373; x_wconf 76' lang='lat' dir='ltr'>exterior,</span> <span class='ocrx_word' id='word_1_164' title='bbox 1116 1324 1249 1367; x_wconf 81' lang='lat' dir='ltr'>altera</span> <span class='ocrx_word' id='word_1_165' title='bbox 1275 1324 1460 1370; x_wconf 85' lang='lat' dir='ltr'>interior.</span> 
     </span>
    </p>

    <p class='ocr_par' dir='ltr' id='par_1_8' title="bbox 328 1390 1798 1848">
     <span class='ocr_line' id='line_1_24' title="bbox 431 1390 1797 1433; baseline 0.001 -2"><span class='ocrx_word' id='word_1_166' title='bbox 431 1390 486 1431; x_wconf 87' lang='lat' dir='ltr'>Il.</span> <span class='ocrx_word' id='word_1_167' title='bbox 544 1392 568 1431; x_wconf 90' lang='lat'>1</span> <span class='ocrx_word' id='word_1_168' title='bbox 618 1390 809 1432; x_wconf 89' lang='lat' dir='ltr'>Eundem</span> <span class='ocrx_word' id='word_1_169' title='bbox 833 1391 961 1433; x_wconf 79' lang='lat' dir='ltr'>habet</span> <span class='ocrx_word' id='word_1_170' title='bbox 984 1406 1148 1432; x_wconf 89' lang='lat' dir='ltr'>sensum</span> <span class='ocrx_word' id='word_1_171' title='bbox 1172 1391 1243 1433; x_wconf 83' lang='lat' dir='ltr'>illa</span> <span class='ocrx_word' id='word_1_172' title='bbox 1266 1391 1453 1433; x_wconf 80' lang='lat' dir='ltr'>Marcelli</span> <span class='ocrx_word' id='word_1_173' title='bbox 1473 1390 1516 1432; x_wconf 90' lang='lat' dir='ltr'>in</span> <span class='ocrx_word' id='word_1_174' title='bbox 1540 1395 1687 1432; x_wconf 84' lang='lat' dir='ltr'>senatu</span> <span class='ocrx_word' id='word_1_175' title='bbox 1711 1391 1797 1432; x_wconf 84' lang='lat' dir='ltr'>Ro-</span> 
     </span>
     <span class='ocr_line' id='line_1_25' title="bbox 329 1455 1797 1513; baseline 0 -16"><span class='ocrx_word' id='word_1_176' title='bbox 329 1470 450 1498; x_wconf 89' lang='lat' dir='ltr'>mano</span> <span class='ocrx_word' id='word_1_177' title='bbox 486 1455 714 1499; x_wconf 86' lang='lat' dir='ltr'>distinctio:</span> <span class='ocrx_word' id='word_1_178' title='bbox 759 1472 845 1498; x_wconf 71' lang='lat' dir='ltr'>non</span> <span class='ocrx_word' id='word_1_179' title='bbox 888 1458 1000 1513; x_wconf 78' lang='lat' dir='ltr'>quid</span> <span class='ocrx_word' id='word_1_180' title='bbox 1037 1472 1110 1512; x_wconf 68' lang='lat' dir='ltr'>eqo</span> <span class='ocrx_word' id='word_1_181' title='bbox 1135 1459 1323 1513; x_wconf 78' lang='lat' dir='ltr'>fecerim</span> <span class='ocrx_word' id='word_1_182' title='bbox 1358 1459 1407 1499; x_wconf 77' lang='lat' dir='ltr'>in</span> <span class='ocrx_word' id='word_1_183' title='bbox 1447 1458 1797 1513; x_wconf 75' lang='lat' dir='ltr'>disquisitionem</span> 
     </span>
     <span class='ocr_line' id='line_1_26' title="bbox 328 1524 1798 1579; baseline 0 -15"><span class='ocrx_word' id='word_1_184' title='bbox 328 1524 454 1572; x_wconf 73' lang='lat' dir='ltr'>venit,</span> <span class='ocrx_word' id='word_1_185' title='bbox 480 1538 604 1576; x_wconf 81' lang='lat' dir='ltr'>quem</span> <span class='ocrx_word' id='word_1_186' title='bbox 628 1524 844 1577; x_wconf 78' lang='lat' dir='ltr'>quicquid</span> <span class='ocrx_word' id='word_1_187' title='bbox 867 1525 915 1565; x_wconf 83' lang='lat' dir='ltr'>in</span> <span class='ocrx_word' id='word_1_188' title='bbox 938 1525 1133 1566; x_wconf 75' lang='lat' dir='ltr'>hostibus</span> <span class='ocrx_word' id='word_1_189' title='bbox 1148 1525 1246 1579; x_wconf 87' lang='lat' dir='ltr'>feci</span> <span class='ocrx_word' id='word_1_190' title='bbox 1259 1526 1341 1577; x_wconf 77' lang='lat' dir='ltr'>jus</span> <span class='ocrx_word' id='word_1_191' title='bbox 1367 1524 1466 1566; x_wconf 84' lang='lat' dir='ltr'>belli</span> <span class='ocrx_word' id='word_1_192' title='bbox 1494 1525 1698 1579; x_wconf 77' lang='lat' dir='ltr'>defendit,</span> <span class='ocrx_word' id='word_1_193' title='bbox 1723 1524 1798 1565; x_wconf 82' lang='lat' dir='ltr'>sed</span> 
     </span>
     <span class='ocr_line' id='line_1_27' title="bbox 329 1588 1797 1645; baseline 0.001 -16"><span class='ocrx_word' id='word_1_194' title='bbox 329 1590 442 1645; x_wconf 70' lang='lat' dir='ltr'>quid</span> <span class='ocrx_word' id='word_1_195' title='bbox 475 1590 553 1631; x_wconf 77' lang='lat' dir='ltr'>isti</span> <span class='ocrx_word' id='word_1_196' title='bbox 578 1591 685 1644; x_wconf 77' lang='lat' dir='ltr'>pati</span> <span class='ocrx_word' id='word_1_197' title='bbox 719 1591 975 1631; x_wconf 80' lang='lat' dir='ltr'>debuerint.-</span> <span class='ocrx_word' id='word_1_198' title='bbox 1011 1604 1062 1631; x_wconf 84' lang='lat' dir='ltr'>ex</span> <span class='ocrx_word' id='word_1_199' title='bbox 1090 1604 1209 1645; x_wconf 86' lang='lat' dir='ltr'>aequo</span> <span class='ocrx_word' id='word_1_200' title='bbox 1237 1595 1279 1631; x_wconf 89' lang='lat' dir='ltr'>et</span> <span class='ocrx_word' id='word_1_201' title='bbox 1309 1590 1415 1632; x_wconf 92' lang='lat' dir='ltr'>bono</span> <span class='ocrx_word' id='word_1_202' title='bbox 1442 1589 1605 1631; x_wconf 87' lang='lat' dir='ltr'>scilicet.</span> <span class='ocrx_word' id='word_1_203' title='bbox 1679 1588 1797 1630; x_wconf 89' lang='lat' dir='ltr'>Idem</span> 
     </span>
     <span class='ocr_line' id='line_1_28' title="bbox 329 1654 1798 1712; baseline 0 -17"><span class='ocrx_word' id='word_1_204' title='bbox 329 1654 547 1696; x_wconf 87' lang='lat' dir='ltr'>discrimen</span> <span class='ocrx_word' id='word_1_205' title='bbox 579 1654 824 1697; x_wconf 88' lang='lat' dir='ltr'>Aristoteles</span> <span class='ocrx_word' id='word_1_206' title='bbox 858 1655 1004 1705; x_wconf 78' lang='lat' dir='ltr'>innuit,</span> <span class='ocrx_word' id='word_1_207' title='bbox 1043 1655 1270 1712; x_wconf 86' lang='lat' dir='ltr'>disputans,</span> <span class='ocrx_word' id='word_1_208' title='bbox 1307 1669 1360 1697; x_wconf 84' lang='lat' dir='ltr'>an</span> <span class='ocrx_word' id='word_1_209' title='bbox 1389 1655 1503 1711; x_wconf 83' lang='lat' dir='ltr'>justa</span> <span class='ocrx_word' id='word_1_210' title='bbox 1535 1655 1708 1697; x_wconf 87' lang='lat' dir='ltr'>dicenda</span> <span class='ocrx_word' id='word_1_211' title='bbox 1744 1654 1798 1696; x_wconf 83' lang='lat' dir='ltr'>sit</span> 
     </span>
     <span class='ocr_line' id='line_1_29' title="bbox 328 1717 1796 1782; baseline 0.002 -20"><span class='ocrx_word' id='word_1_212' title='bbox 328 1734 421 1775; x_wconf 83' lang='lat' dir='ltr'>quae</span> <span class='ocrx_word' id='word_1_213' title='bbox 445 1735 496 1762; x_wconf 78' lang='lat' dir='ltr'>ex</span> <span class='ocrx_word' id='word_1_214' title='bbox 521 1720 628 1762; x_wconf 85' lang='lat' dir='ltr'>bello</span> <span class='ocrx_word' id='word_1_215' title='bbox 653 1721 786 1763; x_wconf 81' lang='lat' dir='ltr'>oritur</span> <span class='ocrx_word' id='word_1_216' title='bbox 809 1721 1011 1763; x_wconf 76' lang='lat' dir='ltr'>servitus:</span> <span class='ocrx_word' id='word_1_217' title='bbox 1052 1720 1162 1768; x_wconf 81' lang='grc' dir='ltr'>ὅλως</span> <span class='ocrx_word' id='word_1_218' title='bbox 1193 1717 1226 1765; x_wconf 72' lang='grc' dir='ltr'>δ’</span> <span class='ocrx_word' id='word_1_219' title='bbox 1258 1719 1551 1782; x_wconf 73' lang='grc' dir='ltr'>ἀντεχόμενοί</span> <span class='ocrx_word' id='word_1_220' title='bbox 1588 1741 1713 1773; x_wconf 80' lang='grc' dir='ltr'>τινες,</span> <span class='ocrx_word' id='word_1_221' title='bbox 1743 1718 1796 1765; x_wconf 71' lang='grc' dir='ltr'>ὥς·</span> 
     </span>
     <span class='ocr_line' id='line_1_30' title="bbox 329 1782 1794 1848; baseline 0 -19"><span class='ocrx_word' id='word_1_222' title='bbox 329 1785 508 1837; x_wconf 66' lang='grc' dir='ltr'>οἴονται,</span> <span class='ocrx_word' id='word_1_223' title='bbox 539 1782 699 1830; x_wconf 66' lang='grc' dir='ltr'>δικαίου</span> <span class='ocrx_word' id='word_1_224' title='bbox 732 1784 867 1834; x_wconf 79' lang='grc' dir='ltr'>τινός·</span> <span class='ocrx_word' id='word_1_225' title='bbox 903 1784 950 1843; x_wconf 71' lang='lat' dir='ltr'>(ot</span> <span class='ocrx_word' id='word_1_226' title='bbox 983 1785 1079 1848; x_wconf 68' lang='grc' dir='ltr'>’γάρ</span> <span class='ocrx_word' id='word_1_227' title='bbox 1117 1784 1241 1838; x_wconf 79' lang='grc' dir='ltr'>νόμος</span> <span class='ocrx_word' id='word_1_228' title='bbox 1272 1782 1430 1832; x_wconf 62' lang='grc' dir='ltr'>δίκαιόν</span> <span class='ocrx_word' id='word_1_229' title='bbox 1459 1788 1525 1842; x_wconf 84' lang='grc' dir='ltr'>τι)</span> <span class='ocrx_word' id='word_1_230' title='bbox 1561 1785 1644 1839; x_wconf 75' lang='grc' dir='ltr'>τήν</span> <span class='ocrx_word' id='word_1_231' title='bbox 1677 1784 1794 1830; x_wconf 67' lang='grc' dir='ltr'>κατά</span> 
     </span>
    </p>
   </div>
   <div class='ocr_carea' id='block_1_7' title="bbox 387 1902 1796 1942">
    <p class='ocr_par' dir='ltr' id='par_1_9' title="bbox 387 1902 1796 1942">
     <span class='ocr_line' id='line_1_31' title="bbox 387 1902 1796 1942; baseline 0.001 -11"><span class='ocrx_word' id='word_1_232' title='bbox 387 1903 396 1920; x_wconf 83' lang='lat'>¹</span> <span class='ocrx_word' id='word_1_233' title='bbox 419 1902 469 1932; x_wconf 87' lang='lat' dir='ltr'>At</span> <span class='ocrx_word' id='word_1_234' title='bbox 483 1912 557 1932; x_wconf 77' lang='lat' dir='ltr'>vero</span> <span class='ocrx_word' id='word_1_235' title='bbox 572 1904 771 1933; x_wconf 78' lang='lat' dir='ltr'>Verecundia</span> <span class='ocrx_word' id='word_1_236' title='bbox 785 1905 855 1933; x_wconf 76' lang='lat' dir='ltr'>heic</span> <span class='ocrx_word' id='word_1_237' title='bbox 871 1906 917 1933; x_wconf 81' lang='lat' dir='ltr'>est</span> <span class='ocrx_word' id='word_1_238' title='bbox 931 1904 1030 1933; x_wconf 74' lang='lat' dir='ltr'>virtus</span> <span class='ocrx_word' id='word_1_239' title='bbox 1096 1905 1251 1934; x_wconf 79' lang='lat' dir='ltr'>toriarum</span> <span class='ocrx_word' id='word_1_240' title='bbox 1265 1904 1334 1934; x_wconf 88' lang='lat' dir='ltr'>Lib.</span> <span class='ocrx_word' id='word_1_241' title='bbox 1352 1913 1405 1934; x_wconf 85' lang='lat'>111.</span> <span class='ocrx_word' id='word_1_242' title='bbox 1422 1913 1448 1933; x_wconf 87' lang='lat' dir='ltr'>c.</span> <span class='ocrx_word' id='word_1_243' title='bbox 1464 1904 1493 1934; x_wconf 90' lang='grc'>6.</span> <span class='ocrx_word' id='word_1_244' title='bbox 1528 1904 1607 1934; x_wconf 80' lang='lat' dir='ltr'>Sunt</span> <span class='ocrx_word' id='word_1_245' title='bbox 1621 1904 1699 1933; x_wconf 84' lang='lat' dir='ltr'>enim</span> <span class='ocrx_word' id='word_1_246' title='bbox 1713 1914 1796 1942; x_wconf 73' lang='grc' dir='ltr'>φαε-</span> 
     </span>
    </p>
   </div>
   <div class='ocr_carea' id='block_1_8' title="bbox 325 1952 1798 2142">
    <p class='ocr_par' dir='ltr' id='par_1_10' title="bbox 325 1952 1798 2093">
     <span class='ocr_line' id='line_1_32' title="bbox 327 1952 1797 1993; baseline 0.002 -13"><span class='ocrx_word' id='word_1_247' title='bbox 327 1953 472 1990; x_wconf 80' lang='lat' dir='ltr'>quaedam</span> <span class='ocrx_word' id='word_1_248' title='bbox 488 1952 656 1990; x_wconf 72' lang='lat' dir='ltr'>singularis</span> <span class='ocrx_word' id='word_1_249' title='bbox 672 1964 678 1981; x_wconf 82' lang='lat' dir='ltr'>z</span> <span class='ocrx_word' id='word_1_250' title='bbox 693 1956 727 1981; x_wconf 83' lang='lat' dir='ltr'>ut</span> <span class='ocrx_word' id='word_1_251' title='bbox 743 1957 775 1982; x_wconf 86' lang='lat' dir='ltr'>et</span> <span class='ocrx_word' id='word_1_252' title='bbox 790 1954 898 1981; x_wconf 84' lang='lat' dir='ltr'>Pudor</span> <span class='ocrx_word' id='word_1_253' title='bbox 912 1954 943 1981; x_wconf 90' lang='lat' dir='ltr'>in</span> <span class='ocrx_word' id='word_1_254' title='bbox 959 1963 1028 1982; x_wconf 70' lang='lat' dir='ltr'>vcr-</span> <span class='ocrx_word' id='word_1_255' title='bbox 1096 1955 1169 1983; x_wconf 74' lang='lat' dir='ltr'>clam</span> <span class='ocrx_word' id='word_1_256' title='bbox 1198 1964 1257 1983; x_wconf 82' lang='lat' dir='ltr'>non</span> <span class='ocrx_word' id='word_1_257' title='bbox 1285 1955 1464 1983; x_wconf 70' lang='lat' dir='ltr'>laudabilia</span> <span class='ocrx_word' id='word_1_258' title='bbox 1491 1958 1620 1991; x_wconf 74' lang='lat' dir='ltr'>natura,</span> <span class='ocrx_word' id='word_1_259' title='bbox 1646 1955 1701 1984; x_wconf 88' lang='lat' dir='ltr'>sed</span> <span class='ocrx_word' id='word_1_260' title='bbox 1733 1955 1797 1993; x_wconf 77' lang='lat' dir='ltr'>leye</span> 
     </span>
     <span class='ocr_line' id='line_1_33' title="bbox 326 2001 1797 2040; baseline 0.002 -10"><span class='ocrx_word' id='word_1_261' title='bbox 326 2002 375 2030; x_wconf 89' lang='lat' dir='ltr'>bis</span> <span class='ocrx_word' id='word_1_262' title='bbox 391 2002 482 2031; x_wconf 82' lang='lat' dir='ltr'>Pauli</span> <span class='ocrx_word' id='word_1_263' title='bbox 497 2001 725 2031; x_wconf 80' lang='lat' dir='ltr'>Jurisconsulti</span> <span class='ocrx_word' id='word_1_264' title='bbox 741 2003 868 2040; x_wconf 78' lang='lat' dir='ltr'>proprie</span> <span class='ocrx_word' id='word_1_265' title='bbox 883 2003 1028 2032; x_wconf 84' lang='lat' dir='ltr'>sumitur.</span> <span class='ocrx_word' id='word_1_266' title='bbox 1096 2013 1250 2040; x_wconf 74' lang='lat' dir='ltr'>concessa,</span> <span class='ocrx_word' id='word_1_267' title='bbox 1277 2008 1311 2033; x_wconf 78' lang='lat' dir='ltr'>ut</span> <span class='ocrx_word' id='word_1_268' title='bbox 1338 2004 1370 2032; x_wconf 79' lang='lat' dir='ltr'>in</span> <span class='ocrx_word' id='word_1_269' title='bbox 1399 2013 1463 2033; x_wconf 73' lang='grc' dir='ltr'>ΧΠ.</span> <span class='ocrx_word' id='word_1_270' title='bbox 1492 2004 1618 2040; x_wconf 79' lang='lat' dir='ltr'>tabulis,</span> <span class='ocrx_word' id='word_1_271' title='bbox 1648 2004 1797 2034; x_wconf 76' lang='lat' dir='ltr'>debitoris</span> 
     </span>
     <span class='ocr_line' id='line_1_34' title="bbox 325 2051 1798 2093; baseline 0.001 -12"><span class='ocrx_word' id='word_1_272' title='bbox 325 2051 362 2081; x_wconf 84' lang='lat' dir='ltr'>J.</span> <span class='ocrx_word' id='word_1_273' title='bbox 380 2053 422 2081; x_wconf 91' lang='lat' dir='ltr'>B.</span> <span class='ocrx_word' id='word_1_274' title='bbox 1096 2063 1208 2091; x_wconf 76' lang='lat' dir='ltr'>corpus</span> <span class='ocrx_word' id='word_1_275' title='bbox 1218 2054 1297 2083; x_wconf 79' lang='lat' dir='ltr'>inter</span> <span class='ocrx_word' id='word_1_276' title='bbox 1306 2054 1474 2083; x_wconf 75' lang='lat' dir='ltr'>creditores</span> <span class='ocrx_word' id='word_1_277' title='bbox 1483 2054 1584 2083; x_wconf 73' lang='lat' dir='ltr'>dividi</span> <span class='ocrx_word' id='word_1_278' title='bbox 1594 2054 1692 2090; x_wconf 75' lang='lat' dir='ltr'>licuit,</span> <span class='ocrx_word' id='word_1_279' title='bbox 1704 2063 1798 2093; x_wconf 80' lang='lat' dir='ltr'><strong><em>qnam</em></strong></span> 
     </span>
    </p>

    <p class='ocr_par' dir='ltr' id='par_1_11' title="bbox 385 2102 1797 2142">
     <span class='ocr_line' id='line_1_35' title="bbox 385 2102 1797 2142; baseline 0.001 -11"><span class='ocrx_word' id='word_1_280' title='bbox 385 2108 399 2123; x_wconf 64' lang='grc' dir='ltr'><strong>ὃ</strong></span> <span class='ocrx_word' id='word_1_281' title='bbox 417 2102 519 2140; x_wconf 77' lang='lat' dir='ltr'>Quam</span> <span class='ocrx_word' id='word_1_282' title='bbox 534 2105 668 2141; x_wconf 74' lang='lat' dir='ltr'>anyusta</span> <span class='ocrx_word' id='word_1_283' title='bbox 682 2103 855 2131; x_wconf 82' lang='lat' dir='ltr'>innocentia</span> <span class='ocrx_word' id='word_1_284' title='bbox 867 2105 911 2132; x_wconf 87' lang='lat' dir='ltr'>est</span> <span class='ocrx_word' id='word_1_285' title='bbox 927 2103 970 2132; x_wconf 75' lang='lat' dir='ltr'>ad</span> <span class='ocrx_word' id='word_1_286' title='bbox 985 2103 1028 2132; x_wconf 87' lang='lat' dir='ltr'>le·</span> <span class='ocrx_word' id='word_1_287' title='bbox 1095 2103 1190 2142; x_wconf 70' lang='lat' dir='ltr'>leycm</span> <span class='ocrx_word' id='word_1_288' title='bbox 1211 2114 1275 2132; x_wconf 69' lang='lat' dir='ltr'>⁴mos</span> <span class='ocrx_word' id='word_1_289' title='bbox 1288 2104 1435 2142; x_wconf 78' lang='lat' dir='ltr'>publicus</span> <span class='ocrx_word' id='word_1_290' title='bbox 1454 2104 1642 2142; x_wconf 78' lang='lat' dir='ltr'>repudiavit.</span> <span class='ocrx_word' id='word_1_291' title='bbox 1685 2104 1797 2133; x_wconf 86' lang='lat' dir='ltr'>Cicero</span> 
     </span>
    </p>
   </div>
   <div class='ocr_carea' id='block_1_9' title="bbox 324 2152 1798 2390">
    <p class='ocr_par' dir='ltr' id='par_1_12' title="bbox 324 2152 1798 2390">
     <span class='ocr_line' id='line_1_36' title="bbox 325 2152 1798 2193; baseline 0.001 -12"><span class='ocrx_word' id='word_1_292' title='bbox 325 2162 392 2191; x_wconf 74' lang='lat' dir='ltr'>yem</span> <span class='ocrx_word' id='word_1_293' title='bbox 428 2153 537 2181; x_wconf 80' lang='lat' dir='ltr'>bonum</span> <span class='ocrx_word' id='word_1_294' title='bbox 572 2162 637 2182; x_wconf 78' lang='lat' dir='ltr'>esse</span> <span class='ocrx_word' id='word_1_295' title='bbox 650 2152 679 2190; x_wconf 80' lang='lat'>?]</span> <span class='ocrx_word' id='word_1_296' title='bbox 710 2153 799 2181; x_wconf 87' lang='lat' dir='ltr'>Idem</span> <span class='ocrx_word' id='word_1_297' title='bbox 837 2153 958 2181; x_wconf 84' lang='lat' dir='ltr'>Seneca</span> <span class='ocrx_word' id='word_1_298' title='bbox 992 2153 1029 2181; x_wconf 86' lang='lat' dir='ltr'>de</span> <span class='ocrx_word' id='word_1_299' title='bbox 1095 2154 1133 2183; x_wconf 80' lang='lat' dir='ltr'>de</span> <span class='ocrx_word' id='word_1_300' title='bbox 1151 2154 1273 2193; x_wconf 65' lang='lat' dir='ltr'>Officiis</span> <span class='ocrx_word' id='word_1_301' title='bbox 1288 2155 1369 2182; x_wconf 90' lang='lat' dir='ltr'>libro</span> <span class='ocrx_word' id='word_1_302' title='bbox 1385 2163 1437 2183; x_wconf 83' lang='lat'>111.</span> <span class='ocrx_word' id='word_1_303' title='bbox 1465 2155 1569 2183; x_wconf 76' lang='lat' dir='ltr'>Aliter</span> <span class='ocrx_word' id='word_1_304' title='bbox 1591 2155 1682 2192; x_wconf 78' lang='lat' dir='ltr'>leqes,</span> <span class='ocrx_word' id='word_1_305' title='bbox 1702 2155 1798 2183; x_wconf 83' lang='lat' dir='ltr'>aliter</span> 
     </span>
     <span class='ocr_line' id='line_1_37' title="bbox 324 2203 1796 2241; baseline 0 -9"><span class='ocrx_word' id='word_1_306' title='bbox 324 2203 494 2240; x_wconf 77' lang='lat' dir='ltr'>Beneficiis</span> <span class='ocrx_word' id='word_1_307' title='bbox 508 2212 538 2232; x_wconf 89' lang='lat' dir='ltr'>V.</span> <span class='ocrx_word' id='word_1_308' title='bbox 556 2204 603 2232; x_wconf 82' lang='lat'>21.</span> <span class='ocrx_word' id='word_1_309' title='bbox 646 2203 754 2232; x_wconf 73' lang='lat' dir='ltr'>Multa</span> <span class='ocrx_word' id='word_1_310' title='bbox 776 2203 869 2241; x_wconf 70' lang='lat' dir='ltr'>leyem</span> <span class='ocrx_word' id='word_1_311' title='bbox 888 2213 947 2231; x_wconf 83' lang='lat' dir='ltr'>non</span> <span class='ocrx_word' id='word_1_312' title='bbox 970 2204 1028 2232; x_wconf 74' lang='lat' dir='ltr'>ha-</span> <span class='ocrx_word' id='word_1_313' title='bbox 1089 2204 1274 2241; x_wconf 72' lang='lat' dir='ltr'>philosophi</span> <span class='ocrx_word' id='word_1_314' title='bbox 1295 2204 1405 2232; x_wconf 77' lang='lat' dir='ltr'>tollunt</span> <span class='ocrx_word' id='word_1_315' title='bbox 1426 2204 1581 2232; x_wconf 78' lang='lat' dir='ltr'>astutias.-</span> <span class='ocrx_word' id='word_1_316' title='bbox 1606 2204 1696 2241; x_wconf 69' lang='lat' dir='ltr'>leyeS,</span> <span class='ocrx_word' id='word_1_317' title='bbox 1717 2213 1796 2241; x_wconf 83' lang='lat' dir='ltr'>qua-</span> 
     </span>
     <span class='ocr_line' id='line_1_38' title="bbox 326 2252 1796 2291; baseline 0 -10"><span class='ocrx_word' id='word_1_318' title='bbox 326 2253 404 2288; x_wconf 80' lang='lat' dir='ltr'>bent,</span> <span class='ocrx_word' id='word_1_319' title='bbox 430 2261 483 2282; x_wconf 82' lang='lat' dir='ltr'>nec</span> <span class='ocrx_word' id='word_1_320' title='bbox 505 2253 663 2288; x_wconf 74' lang='lat' dir='ltr'>actionem,</span> <span class='ocrx_word' id='word_1_321' title='bbox 687 2252 732 2281; x_wconf 77' lang='lat' dir='ltr'>ad</span> <span class='ocrx_word' id='word_1_322' title='bbox 753 2262 822 2290; x_wconf 78' lang='lat' dir='ltr'>qnoe</span> <span class='ocrx_word' id='word_1_323' title='bbox 845 2253 1028 2281; x_wconf 75' lang='lat' dir='ltr'>consuetudo</span> <span class='ocrx_word' id='word_1_324' title='bbox 1096 2258 1181 2283; x_wconf 82' lang='lat' dir='ltr'>tenus</span> <span class='ocrx_word' id='word_1_325' title='bbox 1202 2263 1294 2282; x_wconf 81' lang='lat' dir='ltr'>manu</span> <span class='ocrx_word' id='word_1_326' title='bbox 1314 2257 1413 2282; x_wconf 78' lang='lat' dir='ltr'>tenere</span> <span class='ocrx_word' id='word_1_327' title='bbox 1429 2256 1583 2291; x_wconf 79' lang='lat' dir='ltr'>possunt.-</span> <span class='ocrx_word' id='word_1_328' title='bbox 1601 2253 1796 2290; x_wconf 78' lang='lat' dir='ltr'>philosophi,</span> 
     </span>
     <span class='ocr_line' id='line_1_39' title="bbox 325 2302 1795 2342; baseline 0.001 -12"><span class='ocrx_word' id='word_1_329' title='bbox 325 2302 394 2331; x_wconf 71' lang='lat' dir='ltr'>vitat</span> <span class='ocrx_word' id='word_1_330' title='bbox 423 2302 561 2331; x_wconf 68' lang='lat' dir='ltr'>humanae</span> <span class='ocrx_word' id='word_1_331' title='bbox 593 2302 657 2340; x_wconf 72' lang='lat' dir='ltr'>leye</span> <span class='ocrx_word' id='word_1_332' title='bbox 684 2303 766 2330; x_wconf 81' lang='lat' dir='ltr'>omm&#39;</span> <span class='ocrx_word' id='word_1_333' title='bbox 793 2302 946 2331; x_wconf 71' lang='lat' dir='ltr'>valentior</span> <span class='ocrx_word' id='word_1_334' title='bbox 974 2303 1030 2331; x_wconf 75' lang='lat' dir='ltr'>dat</span> <span class='ocrx_word' id='word_1_335' title='bbox 1095 2307 1245 2342; x_wconf 72' lang='lat' dir='ltr'>quotenus</span> <span class='ocrx_word' id='word_1_336' title='bbox 1267 2304 1390 2333; x_wconf 82' lang='lat' dir='ltr'>ratione</span> <span class='ocrx_word' id='word_1_337' title='bbox 1405 2306 1433 2332; x_wconf 87' lang='lat' dir='ltr'>et</span> <span class='ocrx_word' id='word_1_338' title='bbox 1453 2302 1669 2340; x_wconf 75' lang='lat' dir='ltr'>intelliyentz&#39;a.</span> <span class='ocrx_word' id='word_1_339' title='bbox 1699 2302 1795 2341; x_wconf 82' lang='lat' dir='ltr'>(Cap.</span> 
     </span>
     <span class='ocr_line' id='line_1_40' title="bbox 326 2351 1159 2390; baseline 0.001 -10"><span class='ocrx_word' id='word_1_340' title='bbox 326 2352 455 2382; x_wconf 79' lang='lat' dir='ltr'>aditum.</span> <span class='ocrx_word' id='word_1_341' title='bbox 473 2351 688 2387; x_wconf 82' lang='lat' dir='ltr'>Quintilianus</span> <span class='ocrx_word' id='word_1_342' title='bbox 696 2351 928 2381; x_wconf 74' lang='lat' dir='ltr'>Institutionwn</span> <span class='ocrx_word' id='word_1_343' title='bbox 946 2352 1029 2381; x_wconf 67' lang='lat' dir='ltr'>Ora-</span> <span class='ocrx_word' id='word_1_344' title='bbox 1095 2352 1159 2390; x_wconf 78' lang='lat'>17.)</span> 
     </span>
    </p>
   </div>
   <div class='ocr_carea' id='block_1_10' title="bbox 323 2516 1798 3021">
    <p class='ocr_par' dir='ltr' id='par_1_13' title="bbox 323 2516 1798 3021">
     <span class='ocr_line' id='line_1_41' title="bbox 398 2516 1792 2564; baseline 0 -10"><span class='ocrx_word' id='word_1_345' title='bbox 398 2522 419 2554; x_wconf 89' lang='grc'><strong>3</strong></span> <span class='ocrx_word' id='word_1_346' title='bbox 452 2517 502 2553; x_wconf 84' lang='lat' dir='ltr'>So</span> <span class='ocrx_word' id='word_1_347' title='bbox 521 2518 665 2553; x_wconf 82' lang='lat' dir='ltr'>Seneca</span> <span class='ocrx_word' id='word_1_348' title='bbox 681 2528 763 2564; x_wconf 83' lang='lat' dir='ltr'>says</span> <span class='ocrx_word' id='word_1_349' title='bbox 778 2531 785 2553; x_wconf 92' lang='lat'><strong>:</strong></span> <span class='ocrx_word' id='word_1_350' title='bbox 804 2518 899 2553; x_wconf 87' lang='lat' dir='ltr'>How</span> <span class='ocrx_word' id='word_1_351' title='bbox 916 2519 1019 2553; x_wconf 76' lang='lat' dir='ltr'>much</span> <span class='ocrx_word' id='word_1_352' title='bbox 1036 2519 1145 2553; x_wconf 77' lang='lat' dir='ltr'>wider</span> <span class='ocrx_word' id='word_1_353' title='bbox 1162 2519 1192 2554; x_wconf 72' lang='lat' dir='ltr'>is</span> <span class='ocrx_word' id='word_1_354' title='bbox 1209 2519 1296 2564; x_wconf 70' lang='lat' dir='ltr'>duty</span> <span class='ocrx_word' id='word_1_355' title='bbox 1313 2519 1400 2553; x_wconf 79' lang='lat' dir='ltr'>thom</span> <span class='ocrx_word' id='word_1_356' title='bbox 1417 2517 1487 2551; x_wconf 77' lang='lat' dir='ltr'>law</span> <span class='ocrx_word' id='word_1_357' title='bbox 1498 2518 1514 2551; x_wconf 86' lang='lat'><em>!</em></span> <span class='ocrx_word' id='word_1_358' title='bbox 1534 2516 1607 2551; x_wconf 86' lang='lat' dir='ltr'>and</span> <span class='ocrx_word' id='word_1_359' title='bbox 1624 2516 1689 2552; x_wconf 89' lang='lat' dir='ltr'>the</span> <span class='ocrx_word' id='word_1_360' title='bbox 1705 2517 1792 2554; x_wconf 88' lang='lat' dir='ltr'>like.</span> 
     </span>
     <span class='ocr_line' id='line_1_42' title="bbox 327 2574 1798 2622; baseline 0 -12"><span class='ocrx_word' id='word_1_361' title='bbox 327 2576 352 2610; x_wconf 84' lang='lat' dir='ltr'><strong>J</strong></span> <span class='ocrx_word' id='word_1_362' title='bbox 355 2577 470 2610; x_wconf 84' lang='lat' dir='ltr'>ustico</span> <span class='ocrx_word' id='word_1_363' title='bbox 486 2576 516 2610; x_wconf 91' lang='lat' dir='ltr'>is</span> <span class='ocrx_word' id='word_1_364' title='bbox 534 2575 803 2621; x_wconf 80' lang='lat' dir='ltr'>distinguished</span> <span class='ocrx_word' id='word_1_365' title='bbox 824 2576 921 2611; x_wconf 87' lang='lat' dir='ltr'>from</span> <span class='ocrx_word' id='word_1_366' title='bbox 934 2578 1008 2622; x_wconf 76' lang='lat' dir='ltr'>jus,</span> <span class='ocrx_word' id='word_1_367' title='bbox 1028 2576 1116 2617; x_wconf 80' lang='lat' dir='ltr'>law3</span> <span class='ocrx_word' id='word_1_368' title='bbox 1137 2576 1195 2611; x_wconf 90' lang='lat' dir='ltr'>for</span> <span class='ocrx_word' id='word_1_369' title='bbox 1207 2577 1269 2622; x_wconf 78' lang='lat' dir='ltr'>jus</span> <span class='ocrx_word' id='word_1_370' title='bbox 1287 2577 1316 2610; x_wconf 83' lang='lat' dir='ltr'>is</span> <span class='ocrx_word' id='word_1_371' title='bbox 1334 2575 1432 2610; x_wconf 82' lang='lat' dir='ltr'>what</span> <span class='ocrx_word' id='word_1_372' title='bbox 1449 2574 1556 2609; x_wconf 91' lang='lat' dir='ltr'>holds</span> <span class='ocrx_word' id='word_1_373' title='bbox 1573 2575 1612 2608; x_wconf 91' lang='lat' dir='ltr'>in</span> <span class='ocrx_word' id='word_1_374' title='bbox 1629 2575 1798 2610; x_wconf 83' lang='lat' dir='ltr'>external</span> 
     </span>
     <span class='ocr_line' id='line_1_43' title="bbox 323 2631 1798 2679; baseline 0 -12"><span class='ocrx_word' id='word_1_375' title='bbox 323 2633 551 2678; x_wconf 84' lang='lat' dir='ltr'>judgments.</span> <span class='ocrx_word' id='word_1_376' title='bbox 600 2633 685 2667; x_wconf 90' lang='lat' dir='ltr'>And</span> <span class='ocrx_word' id='word_1_377' title='bbox 711 2633 922 2675; x_wconf 83' lang='lat' dir='ltr'>elsewhere,</span> <span class='ocrx_word' id='word_1_378' title='bbox 952 2633 1000 2668; x_wconf 86' lang='lat' dir='ltr'>he</span> <span class='ocrx_word' id='word_1_379' title='bbox 1033 2633 1198 2677; x_wconf 83' lang='lat' dir='ltr'>explains</span> <span class='ocrx_word' id='word_1_380' title='bbox 1227 2633 1300 2668; x_wconf 85' lang='lat' dir='ltr'>this</span> <span class='ocrx_word' id='word_1_381' title='bbox 1333 2633 1382 2679; x_wconf 88' lang='lat' dir='ltr'>by</span> <span class='ocrx_word' id='word_1_382' title='bbox 1408 2632 1473 2667; x_wconf 86' lang='lat' dir='ltr'>the</span> <span class='ocrx_word' id='word_1_383' title='bbox 1507 2631 1683 2678; x_wconf 78' lang='lat' dir='ltr'>example</span> <span class='ocrx_word' id='word_1_384' title='bbox 1704 2632 1747 2667; x_wconf 86' lang='lat' dir='ltr'>os</span> <span class='ocrx_word' id='word_1_385' title='bbox 1774 2643 1798 2667; x_wconf 80' lang='lat' dir='ltr'>a.</span> 
     </span>
     <span class='ocr_line' id='line_1_44' title="bbox 327 2689 1797 2736; baseline -0.001 -13"><span class='ocrx_word' id='word_1_386' title='bbox 327 2691 494 2725; x_wconf 83' lang='lat' dir='ltr'>master’s</span> <span class='ocrx_word' id='word_1_387' title='bbox 512 2689 612 2736; x_wconf 83' lang='lat' dir='ltr'>right</span> <span class='ocrx_word' id='word_1_388' title='bbox 633 2701 721 2724; x_wconf 81' lang='lat' dir='ltr'>over</span> <span class='ocrx_word' id='word_1_389' title='bbox 743 2690 800 2725; x_wconf 86' lang='lat' dir='ltr'>his</span> <span class='ocrx_word' id='word_1_390' title='bbox 818 2694 995 2726; x_wconf 81' lang='lat' dir='ltr'>servants.</span> <span class='ocrx_word' id='word_1_391' title='bbox 1045 2691 1108 2725; x_wconf 72' lang='lat' dir='ltr'>U&#39;e</span> <span class='ocrx_word' id='word_1_392' title='bbox 1129 2702 1191 2724; x_wconf 79' lang='lat' dir='ltr'>are</span> <span class='ocrx_word' id='word_1_393' title='bbox 1208 2696 1269 2725; x_wconf 76' lang='lat' dir='ltr'>not</span> <span class='ocrx_word' id='word_1_394' title='bbox 1287 2697 1319 2725; x_wconf 85' lang='lat' dir='ltr'>to</span> <span class='ocrx_word' id='word_1_395' title='bbox 1337 2690 1494 2724; x_wconf 74' lang='lat' dir='ltr'>consider</span> <span class='ocrx_word' id='word_1_396' title='bbox 1510 2690 1605 2723; x_wconf 84' lang='lat' dir='ltr'>what</span> <span class='ocrx_word' id='word_1_397' title='bbox 1622 2701 1696 2734; x_wconf 73' lang='lat' dir='ltr'>you</span> <span class='ocrx_word' id='word_1_398' title='bbox 1711 2700 1797 2734; x_wconf 78' lang='lat' dir='ltr'>may</span> 
     </span>
     <span class='ocr_line' id='line_1_45' title="bbox 328 2747 1797 2795; baseline -0.001 -14"><span class='ocrx_word' id='word_1_399' title='bbox 328 2748 384 2788; x_wconf 83' lang='lat' dir='ltr'>do,</span> <span class='ocrx_word' id='word_1_400' title='bbox 401 2749 461 2782; x_wconf 77' lang='lat' dir='ltr'>but</span> <span class='ocrx_word' id='word_1_401' title='bbox 477 2749 572 2782; x_wconf 77' lang='lat' dir='ltr'>what</span> <span class='ocrx_word' id='word_1_402' title='bbox 588 2748 617 2782; x_wconf 82' lang='lat' dir='ltr'>is</span> <span class='ocrx_word' id='word_1_403' title='bbox 637 2749 801 2793; x_wconf 77' lang='lat' dir='ltr'>required</span> <span class='ocrx_word' id='word_1_404' title='bbox 816 2750 859 2794; x_wconf 70' lang='lat' dir='ltr'>by</span> <span class='ocrx_word' id='word_1_405' title='bbox 872 2749 998 2795; x_wconf 68' lang='lat' dir='ltr'>justice</span> <span class='ocrx_word' id='word_1_406' title='bbox 1017 2749 1093 2782; x_wconf 76' lang='lat' dir='ltr'>and</span> <span class='ocrx_word' id='word_1_407' title='bbox 1107 2748 1282 2793; x_wconf 77' lang='lat' dir='ltr'>fairness,</span> <span class='ocrx_word' id='word_1_408' title='bbox 1303 2748 1414 2782; x_wconf 86' lang='lat' dir='ltr'>which</span> <span class='ocrx_word' id='word_1_409' title='bbox 1430 2747 1568 2792; x_wconf 78' lang='lat' dir='ltr'>require</span> <span class='ocrx_word' id='word_1_410' title='bbox 1583 2758 1626 2780; x_wconf 80' lang='lat' dir='ltr'>us</span> <span class='ocrx_word' id='word_1_411' title='bbox 1642 2752 1675 2780; x_wconf 77' lang='lat' dir='ltr'>to</span> <span class='ocrx_word' id='word_1_412' title='bbox 1691 2757 1797 2791; x_wconf 78' lang='lat' dir='ltr'>spare</span> 
     </span>
     <span class='ocr_line' id='line_1_46' title="bbox 327 2803 1795 2851; baseline -0.001 -13"><span class='ocrx_word' id='word_1_413' title='bbox 327 2816 408 2838; x_wconf 80' lang='lat' dir='ltr'>even</span> <span class='ocrx_word' id='word_1_414' title='bbox 433 2806 583 2850; x_wconf 74' lang='lat' dir='ltr'>captives</span> <span class='ocrx_word' id='word_1_415' title='bbox 608 2806 683 2839; x_wconf 74' lang='lat' dir='ltr'>&lt;md</span> <span class='ocrx_word' id='word_1_416' title='bbox 706 2805 826 2841; x_wconf 76' lang='lat' dir='ltr'>slaves.</span> <span class='ocrx_word' id='word_1_417' title='bbox 878 2805 964 2839; x_wconf 83' lang='lat' dir='ltr'>And</span> <span class='ocrx_word' id='word_1_418' title='bbox 984 2806 1112 2851; x_wconf 77' lang='lat' dir='ltr'>again:</span> <span class='ocrx_word' id='word_1_419' title='bbox 1141 2806 1286 2850; x_wconf 66' lang='lat' dir='ltr'>Thougyh</span> <span class='ocrx_word' id='word_1_420' title='bbox 1306 2805 1505 2850; x_wconf 70' lang='lat' dir='ltr'>everythiny</span> <span class='ocrx_word' id='word_1_421' title='bbox 1532 2804 1562 2837; x_wconf 83' lang='lat' dir='ltr'>is</span> <span class='ocrx_word' id='word_1_422' title='bbox 1589 2803 1719 2848; x_wconf 67' lang='lat' dir='ltr'>lawszol</span> <span class='ocrx_word' id='word_1_423' title='bbox 1743 2808 1795 2836; x_wconf 84' lang='lat' dir='ltr'>to-</span> 
     </span>
     <span class='ocr_line' id='line_1_47' title="bbox 328 2859 1795 2908; baseline -0.001 -15"><span class='ocrx_word' id='word_1_424' title='bbox 328 2862 449 2894; x_wconf 76' lang='lat' dir='ltr'>wards</span> <span class='ocrx_word' id='word_1_425' title='bbox 466 2874 489 2895; x_wconf 76' lang='lat' dir='ltr'><em>a</em></span> <span class='ocrx_word' id='word_1_426' title='bbox 505 2863 608 2902; x_wconf 68' lang='lat' dir='ltr'>slave,</span> <span class='ocrx_word' id='word_1_427' title='bbox 628 2863 718 2897; x_wconf 80' lang='lat' dir='ltr'>there</span> <span class='ocrx_word' id='word_1_428' title='bbox 735 2875 797 2897; x_wconf 80' lang='lat' dir='ltr'>are</span> <span class='ocrx_word' id='word_1_429' title='bbox 813 2864 930 2908; x_wconf 72' lang='lat' dir='ltr'>thingys</span> <span class='ocrx_word' id='word_1_430' title='bbox 945 2863 1057 2897; x_wconf 76' lang='lat' dir='ltr'>which</span> <span class='ocrx_word' id='word_1_431' title='bbox 1077 2874 1237 2897; x_wconf 80' lang='lat' dir='ltr'>common</span> <span class='ocrx_word' id='word_1_432' title='bbox 1253 2862 1440 2907; x_wconf 70' lang='lat' dir='ltr'>hzcmcmity</span> <span class='ocrx_word' id='word_1_433' title='bbox 1457 2860 1608 2895; x_wconf 81' lang='lat' dir='ltr'>declares</span> <span class='ocrx_word' id='word_1_434' title='bbox 1628 2865 1689 2893; x_wconf 72' lang='lat' dir='ltr'>not</span> <span class='ocrx_word' id='word_1_435' title='bbox 1704 2865 1737 2893; x_wconf 86' lang='lat' dir='ltr'>to</span> <span class='ocrx_word' id='word_1_436' title='bbox 1758 2859 1795 2893; x_wconf 83' lang='lat' dir='ltr'>be</span> 
     </span>
     <span class='ocr_line' id='line_1_48' title="bbox 331 2916 1793 2966; baseline 0 -17"><span class='ocrx_word' id='word_1_437' title='bbox 331 2917 468 2964; x_wconf 76' lang='lat' dir='ltr'>lawful.</span> <span class='ocrx_word' id='word_1_438' title='bbox 512 2918 677 2953; x_wconf 90' lang='lat' dir='ltr'>Whence</span> <span class='ocrx_word' id='word_1_439' title='bbox 702 2924 790 2954; x_wconf 82' lang='lat' dir='ltr'>noto</span> <span class='ocrx_word' id='word_1_440' title='bbox 810 2921 875 2954; x_wconf 79' lang='lat' dir='ltr'>the</span> <span class='ocrx_word' id='word_1_441' title='bbox 900 2924 972 2955; x_wconf 81' lang='lat' dir='ltr'>two</span> <span class='ocrx_word' id='word_1_442' title='bbox 998 2920 1172 2955; x_wconf 86' lang='lat' dir='ltr'>different</span> <span class='ocrx_word' id='word_1_443' title='bbox 1194 2931 1276 2955; x_wconf 87' lang='lat' dir='ltr'>uses</span> <span class='ocrx_word' id='word_1_444' title='bbox 1309 2919 1352 2954; x_wconf 90' lang='lat' dir='ltr'>of</span> <span class='ocrx_word' id='word_1_445' title='bbox 1378 2917 1518 2966; x_wconf 75' lang='lat' dir='ltr'>lawful,</span> <span class='ocrx_word' id='word_1_446' title='bbox 1544 2916 1726 2961; x_wconf 88' lang='lat' dir='ltr'>referring</span> <span class='ocrx_word' id='word_1_447' title='bbox 1753 2918 1793 2950; x_wconf 83' lang='lat' dir='ltr'>to</span> 
     </span>
     <span class='ocr_line' id='line_1_49' title="bbox 329 2974 989 3021; baseline 0.006 -14"><span class='ocrx_word' id='word_1_448' title='bbox 329 2974 496 3008; x_wconf 77' lang='lat' dir='ltr'>external</span> <span class='ocrx_word' id='word_1_449' title='bbox 513 2974 588 3008; x_wconf 81' lang='lat' dir='ltr'>and</span> <span class='ocrx_word' id='word_1_450' title='bbox 609 2978 647 3009; x_wconf 86' lang='lat' dir='ltr'>to</span> <span class='ocrx_word' id='word_1_451' title='bbox 665 2976 827 3010; x_wconf 77' lang='lat' dir='ltr'>interna]</span> <span class='ocrx_word' id='word_1_452' title='bbox 842 2978 989 3021; x_wconf 80' lang='lat' dir='ltr'>justice.</span> 
     </span>
    </p>
   </div>
  </div>
 </body>
</html>
