1971 3326
158 201 244 241 4:20

160 321 356 352 Ἐπιεικεία.
371 323 476 352 fontes
492 326 524 353 et
538 324 670 363 regulae.
694 323 774 355 ibid.

163 373 360 411 Ἐπιμαχῖα.
381 373 413 403 ii.
430 375 477 410 15,
493 374 520 411 6,
535 376 554 404 2

162 422 362 460 Ἐπιορκεῖν.
383 423 415 453 ii.
433 425 481 459 13,
497 425 536 453 13

161 471 393 511 Episeoporum
410 474 541 503 consilia
556 473 638 502 circa
652 474 749 503 bella.
771 473 803 503 ii.
820 474 868 510 23,
883 474 914 508 4,
929 473 948 502 2

163 520 322 561 Ἐποχαί.
345 523 377 552 ii.
393 525 422 559 3,
438 525 485 559 10,
502 525 518 551 1

159 569 244 608 Equi
259 574 291 600 et
306 581 396 610 equae
411 581 482 610 quae
498 572 692 610 postliminio
703 573 788 611 apud
804 573 968 602 Romanos

201 625 340 659 recepta.
363 622 408 651 iii.
423 622 451 657 9,
468 623 516 659 14,
533 623 549 650 1

161 671 279 700 Errans
294 672 377 700 hosti
392 672 555 710 obligatur
569 681 607 700 ex
621 676 727 710 pacto.
749 672 795 702 iii.
810 674 859 709 23,
874 674 894 702 4

160 720 314 750 Errantes
334 721 367 749 in
390 725 515 759 partem
536 721 727 751 Christianae
746 723 911 761 religionis
926 733 968 753 an

199 772 361 809 puniendi.
385 772 415 801 ii.
431 774 478 808 20,
493 774 533 802 50

158 820 257 849 Error
270 831 310 850 an
326 821 450 850 irritum
465 825 571 851 actum
588 823 696 853 faeiat.
720 823 752 853 ii.
768 825 819 859 11,
835 823 864 860 6,
880 825 896 853 1

161 869 276 900 Esseni
291 881 354 900 non
367 870 532 908 jurabant.
552 872 584 902 ii.
599 875 648 909 13,
663 874 712 910 21,
726 875 756 903 4.
771 874 791 902 5

160 920 328 958 Evangelii
348 925 509 960 praecepta
531 931 571 950 an
597 923 823 952 contineantur
844 922 876 951 in
894 923 968 961 jure

201 971 348 999 naturali.
372 972 392 1000 i.
410 973 438 1007 2,
454 972 482 1008 6,
498 974 525 1008 1,
540 974 558 1000 2

164 1020 330 1056 Εὺορκεῑν.
355 1021 387 1049 ii.
403 1023 450 1057 13,
468 1023 505 1051 13

162 1068 369 1106 Ἐξαίρετον.
391 1071 433 1099 iii.
449 1071 478 1108 6,
496 1073 545 1108 17,
559 1074 578 1101 3

160 1118 390 1157 Exceptionem
406 1121 526 1150 habena
541 1122 596 1160 jus
617 1122 716 1151 habet
738 1122 778 1150 ad
800 1121 967 1160 pecuniam

200 1169 360 1198 redactam
376 1180 414 1199 ex
429 1171 520 1200 bonis
535 1172 599 1200 suis
614 1172 758 1201 venditis.
783 1172 815 1201 ii.
836 1173 884 1207 10,
898 1171 966 1208 2,f.

160 1218 366 1248 Executionis
380 1221 418 1249 ad
435 1221 563 1250 modum
580 1222 666 1260 quod
685 1222 834 1260 pertinet,
857 1221 965 1250 condi-

153 1297 163 1303 „
201 1270 320 1299 tionem
336 1280 401 1299 non
416 1272 505 1301 facit.
529 1273 570 1302 iii.
586 1274 636 1307 23,
653 1274 691 1301 15

161 1320 360 1350 Exercitoria
375 1323 457 1351 aetio
473 1323 569 1352 unde.
593 1324 626 1352 ii.
642 1325 689 1359 11,
706 1324 754 1357 12,
770 1325 808 1352 13

160 1369 362 1400 Exercitores
377 1381 418 1400 an
433 1375 603 1402 teneantur
624 1374 656 1401 in
678 1373 814 1401 solidum
830 1382 868 1401 ex
882 1372 967 1401 facto

201 1420 356 1457 magistri.
380 1421 411 1450 ii.
427 1423 474 1456 11,
497 1423 534 1451 13

162 1468 330 1498 Exercitus
345 1471 432 1508 quid.
455 1471 486 1499 ii.
504 1471 550 1507 16,
566 1473 596 1500 3.
616 1472 733 1510 justus.
758 1472 835 1501 ibid.

162 1518 377 1549 Exhaeredato
392 1520 456 1549 filio
471 1531 511 1549 an
527 1521 603 1560 quid
618 1522 781 1551 debeatur.
806 1522 839 1552 ii.
854 1522 882 1557 7,
896 1522 913 1551 7

151 1565 261 1605 ”Εξις.
284 1567 313 1596 ii.
328 1568 357 1602 9,
373 1570 401 1604 3,
418 1571 433 1597 1

161 1614 278 1644 Exitus
292 1616 372 1645 liber
391 1626 461 1645 cum
480 1617 595 1646 itinere
610 1618 710 1647 libero
726 1619 965 1657 intelligendus.

201 1665 232 1693 ii.
251 1665 298 1700 16,
312 1666 332 1694 5

161 1713 391 1752 Exploratores
412 1716 553 1754 graviter
573 1717 726 1755 puniendi
748 1726 854 1747 causa.
876 1718 918 1746 iii.
934 1719 966 1753 4,

202 1766 249 1800 18,
270 1767 289 1793 3

163 1813 303 1843 Exsules
317 1824 380 1843 non
396 1817 548 1845 tenentur
562 1816 703 1854 imperiis
718 1816 866 1846 civitatis.
889 1817 920 1846 ii.
936 1818 965 1853 5,

200 1865 239 1893 25

161 1912 272 1942 Exteri
290 1914 449 1951 quomodo
473 1915 512 1943 de
536 1915 630 1943 rebus
652 1915 737 1944 bello
762 1916 862 1953 captis
877 1916 965 1954 judi-

203 1971 274 1991 care
289 1963 436 1992 debeant.
458 1963 502 1993 iii.
519 1963 547 1999 6,
563 1965 602 1993 25

161 2011 289 2040 Exteris
310 2013 469 2050 quomodo
486 2013 540 2050 jus
562 2017 710 2043 nascatur
731 2016 856 2054 exlege
871 2015 964 2044 civili.

200 2062 231 2089 ii.
249 2063 277 2097 2,
293 2062 332 2091 26

160 2111 352 2140 Exterorum
380 2121 430 2141 res
455 2113 635 2143 retinentur
661 2124 719 2152 pro
743 2115 817 2153 jure
845 2117 964 2150 nostro,

200 2164 256 2190 aut
271 2162 345 2189 civis
359 2162 471 2190 nostri.
494 2163 538 2192 iii.
553 2166 581 2199 2,
596 2165 627 2198 3,
642 2166 671 2200 5,
687 2164 714 2194 &
729 2167 758 2200 5,
772 2167 790 2193 2

162 2211 296 2239 Externi
312 2211 422 2240 testari
436 2221 499 2240 non
512 2213 723 2250 prohibentur
733 2215 806 2252 jure
816 2214 961 2243 naturali.

202 2259 232 2288 ii.
250 2260 279 2295 6,
295 2261 343 2295 14,
356 2261 386 2289 2.
427 2260 514 2289 Juris
530 2262 632 2299 qualis
647 2263 794 2292 efficacia.
816 2263 858 2291 iii.
877 2265 904 2298 7,
920 2266 936 2293 7

162 2308 340 2337 Externum
360 2309 535 2338 dominium
558 2311 624 2340 sine
647 2311 787 2341 interno.
815 2313 856 2341 iii.
884 2314 911 2348 7,
935 2312 964 2350 6,

202 2360 229 2393 1,
248 2359 267 2386 3

162 2403 352 2433 Extrinseca
365 2405 542 2434 contractui
562 2415 625 2437 non
645 2410 719 2436 sunt
734 2408 909 2438 indicanda.
931 2408 963 2439 ii.

201 2454 251 2490 12,
266 2453 294 2488 9,
310 2454 328 2482 2

545 2616 585 2646 F.

164 2694 259 2724 Facio
274 2698 311 2725 ut
323 2696 429 2727 facias.
451 2698 483 2727 ii.
499 2699 547 2735 12,
561 2700 590 2735 3,
606 2701 633 2736 1,
648 2701 678 2729 5.
720 2700 764 2730 Ut
780 2701 845 2731 des.
861 2702 938 2733 ibid.

164 2744 345 2775 Facinorosi
360 2757 400 2776 an
415 2748 598 2786 sepeliendi.
619 2750 650 2778 ii.
668 2751 714 2787 19,
729 2752 748 2780 4

165 2792 323 2830 Facultas,
341 2796 423 2833 juris
444 2798 574 2835 species,
594 2800 670 2837 quid
686 2804 718 2829 et
733 2803 922 2840 quotuplex.
944 2803 965 2833 i.

206 2845 235 2880 1,
250 2845 279 2879 4,
293 2846 324 2874 5.
366 2845 529 2884 Eminens,
543 2849 630 2886 quid.
651 2851 670 2879 i.
687 2852 715 2887 1,
730 2852 748 2881 6

164 2889 339 2920 Facultatis
355 2894 473 2932 (merae)
486 2906 555 2933 quae
567 2901 651 2934 sunt,
665 2908 704 2927 an
715 2903 859 2938 tempore
871 2902 966 2931 amit-

206 2942 328 2970 tantur.
350 2941 380 2970 ii.
395 2944 423 2977 4,
440 2945 477 2971 15

592 208 760 244 INDEX
789 209 975 245 RERUM
1004 209 1410 252 PRAECIPUARUM,

1034 325 1164 354 Falsum
1193 325 1298 354 dicere
1327 325 1459 360 amenti,
1488 327 1521 355 et
1547 324 1673 364 infanti,
1703 335 1767 356 non
1793 328 1844 357 est

1074 375 1213 408 mentiri,
1230 375 1339 404 stricte
1354 378 1459 404 sumta
1473 384 1558 405 voce.
1579 375 1622 405 iii.
1641 377 1669 411 1,
1685 377 1723 404 12

1035 425 1117 454 Fato
1132 424 1200 454 fieri
1215 434 1286 463 quae
1301 425 1457 454 dicantur.
1479 425 1523 454 iii.
1540 425 1568 462 6,
1583 427 1632 461 12,
1647 427 1663 454 1

1035 475 1143 504 Favor
1157 474 1189 502 in
1204 474 1378 512 promissis.
1400 475 1433 504 ii.
1450 475 1499 511 16,
1514 477 1553 505 10

1035 524 1235 554 Favorabilia
1257 524 1289 552 in
1313 524 1410 553 dubio
1431 525 1538 554 realia.
1571 525 1604 554 ii.
1624 525 1672 562 16,
1695 524 1745 560 16,
1770 525 1798 561 1,
1812 525 1843 554 3.

1077 574 1246 609 Quomodo
1261 574 1510 612 interpretanda.
1533 575 1567 604 ii.
1583 575 1632 612 16,
1646 576 1693 612 12,
1709 577 1737 611 1,
1751 575 1770 604 2

1035 623 1207 652 Fecialiutn
1223 633 1298 652 usus
1314 624 1436 654 Romae.
1458 624 1489 653 ii.
1506 626 1555 661 23,
1569 625 1589 653 4

1035 673 1211 703 Federatus
1226 683 1266 702 an
1282 675 1499 704 defendendus
1523 677 1634 704 eontra
1653 674 1843 703 federatum.

1075 724 1107 753 ii.
1131 725 1179 760 15,
1195 726 1241 761 13,
1258 726 1294 760 1;
1317 724 1348 753 ii.
1365 726 1414 761 25,
1428 726 1459 761 4,
1475 726 1492 754 1

1035 774 1141 804 Fedus
1157 775 1243 813 quid.
1270 775 1302 804 ii.
1320 776 1365 811 15,
1380 776 1411 810 3,
1429 776 1457 803 1.
1501 773 1639 809 Quando
1653 774 1842 803 renovatum

1075 828 1251 855 censeatur.
1272 825 1304 854 ii.
1320 827 1368 861 15,
1385 826 1431 854 14.
1474 825 1527 854 An
1549 825 1643 854 duret
1663 827 1755 862 parte
1773 824 1844 852 vio-

1073 876 1152 905 lata.
1188 876 1219 905 ii.
1243 877 1292 911 15,
1315 878 1365 905 15.
1408 875 1584 913 Antiquius
1609 874 1736 912 quando
1759 882 1841 912 prae-

1074 925 1252 954 ferendum.
1272 925 1306 954 ii.
1323 926 1370 961 15,
1386 926 1434 960 13,
1448 926 1477 954 3.
1514 924 1596 953 Cum
1613 924 1733 962 populo
1747 923 1844 952 reale.

1075 975 1108 1004 ii.
1124 974 1171 1010 16,
1194 974 1285 1010 16,1.
1330 974 1411 1003 Cum
1434 983 1511 1012 rege
1534 982 1598 1001 non
1621 981 1747 1011 semper
1767 981 1842 1010 per-

1076 1024 1194 1053 sonale.
1216 1024 1248 1053 ii.
1264 1023 1313 1061 16,
1330 1023 1377 1059 16,
1393 1025 1422 1052 2.
1445 1023 1504 1052 Jus
1521 1022 1576 1051 dat
1591 1022 1660 1061 regi
1671 1022 1726 1060 qui
1739 1031 1841 1061 regno

1076 1074 1187 1113 pulsus
1208 1077 1268 1103 est.
1299 1074 1331 1103 ii.
1358 1074 1407 1110 16,
1433 1074 1478 1103 17.
1525 1072 1607 1102 Cum
1632 1072 1763 1110 populo,
1785 1073 1842 1100 aut

1070 1124 1160 1162 justo
1175 1132 1261 1161 rege,
1275 1122 1411 1151 invasori
1427 1122 1490 1151 sive
1505 1124 1640 1160 tyranno
1658 1129 1722 1149 non
1745 1120 1842 1159 prod-

1076 1177 1134 1203 est.
1164 1174 1196 1203 ii.
1222 1174 1270 1209 16,
1297 1174 1347 1203 18.
1399 1171 1561 1210 Inaequale
1591 1171 1720 1209 proprie
1744 1170 1839 1210 juris-

1075 1224 1246 1253 dictionem
1262 1232 1326 1251 non
1341 1223 1406 1251 dat.
1429 1222 1449 1251 i.
1464 1223 1492 1258 3,
1506 1222 1554 1258 21,
1571 1222 1599 1258 2,
1614 1223 1645 1251 3.
1678 1221 1841 1259 Inaequale

1077 1275 1175 1312 quod.
1196 1274 1216 1303 i.
1234 1275 1265 1307 3,
1280 1275 1329 1309 21,
1346 1275 1361 1301 1

1036 1325 1158 1355 Federe
1185 1323 1334 1361 inaequali
1363 1323 1417 1360 qui
1440 1324 1569 1352 tenetur
1589 1320 1738 1360 populus,
1761 1320 1842 1349 liber

1077 1383 1144 1403 esse
1158 1382 1221 1402 non
1237 1373 1364 1402 desinit.
1396 1373 1415 1401 i.
1433 1374 1463 1408 3,
1479 1374 1528 1408 21,
1543 1374 1571 1408 1,
1585 1372 1622 1407 33
1651 1371 1683 1399 ii.
1700 1371 1749 1406 18,
1764 1371 1795 1406 2,
1810 1371 1843 1400 2.

1077 1423 1232 1461 lnaequali
1249 1423 1302 1461 qui
1325 1426 1453 1451 tenetur
1475 1431 1531 1451 rex
1553 1424 1661 1460 potest
1683 1428 1840 1449 summum

1076 1473 1244 1510 imperium
1258 1472 1408 1501 retinere.
1431 1472 1450 1500 i.
1464 1473 1493 1507 3,
1503 1473 1552 1507 21,
1566 1472 1594 1501 3.
1618 1471 1686 1509 (in)
1698 1471 1843 1508 superior

1077 1522 1146 1561 quis
1162 1522 1296 1550 dicatur.
1320 1521 1339 1549 i.
1354 1522 1383 1557 3,
1399 1523 1447 1557 21,
1463 1523 1490 1557 2,
1505 1522 1525 1550 8

1036 1571 1166 1601 Federis
1180 1571 1348 1608 rumpendi
1363 1571 1495 1599 materia
1509 1570 1628 1598 odiosa.
1648 1569 1680 1597 ii.
1697 1568 1746 1603 16,
1761 1568 1811 1602 13,
1823 1569 1841 1597 1

1036 1621 1159 1651 Federa
1173 1620 1316 1658 quaedam
1332 1619 1413 1647 idem
1430 1622 1586 1654 statuunt,
1607 1618 1692 1656 quod
1707 1618 1762 1656 jus
1782 1626 1841 1646 na-

1077 1674 1171 1704 turae,
1186 1672 1218 1698 et
1234 1678 1343 1706 quare.
1366 1668 1396 1697 ii.
1417 1670 1463 1704 15,
1478 1670 1508 1704 5,
1524 1670 1550 1705 1,
1565 1670 1584 1697 3

1034 1720 1164 1749 Federis
1187 1719 1335 1757 princeps
1359 1718 1526 1756 imperium
1551 1718 1583 1746 in
1609 1717 1723 1755 quibus
1745 1716 1841 1745 rebus

1074 1768 1198 1797 habeat.
1221 1767 1241 1796 i.
1257 1769 1286 1803 3,
1298 1769 1345 1804 21,
1356 1768 1386 1797 8.
1410 1767 1580 1805 Inaequalis
1589 1766 1730 1805 pericula
1744 1766 1840 1795 unde.

1074 1817 1094 1847 i.
1110 1819 1138 1854 3,
1154 1820 1201 1853 21,
1219 1819 1256 1847 10

1034 1867 1059 1897 F
1063 1868 1157 1896 edera
1171 1866 1339 1905 inaequalia
1353 1867 1585 1896 contrahuntur
1595 1867 1690 1896 etiam
1706 1867 1759 1895 ubi
1771 1866 1839 1896 bel-

1073 1917 1139 1946 lum
1164 1926 1226 1945 non
1253 1917 1327 1946 fuit.
1355 1916 1388 1945 ii.
1415 1917 1462 1952 15,
1485 1918 1514 1953 7,
1534 1918 1565 1946 4.
1617 1916 1669 1945 An
1692 1915 1838 1944 contrahi

1074 1968 1197 2004 possint
1212 1975 1283 1994 cum
1299 1965 1358 2000 his,
1373 1965 1426 2004 qui
1441 1965 1536 1994 alieni
1549 1968 1624 1994 sunt
1638 1974 1658 1993 a
1670 1974 1745 1994 vera
1759 1965 1835 1994 reli-

1073 2016 1178 2053 gione,
1202 2025 1285 2053 quae,
1309 2019 1342 2044 et
1364 2019 1521 2053 quatenus
1535 2015 1609 2052 jure
1624 2015 1838 2053 naturae,jure

1074 2065 1220 2101 Hebraeo,
1231 2065 1304 2102 jure
1319 2065 1513 2103 evangelico.
1528 2065 1549 2093 ii
1566 2066 1614 2101 15,
1623 2064 1803 2102 S,&cap.9‚
1811 2066 1839 2101 1,

1074 2113 1101 2143 δι
1113 2123 1180 2152 cap.
1194 2116 1243 2148 10,
1253 2117 1280 2143 1.
1307 2114 1387 2143 Cum
1398 2115 1585 2152 quibusdam
1601 2114 1726 2152 populis
1740 2114 1840 2143 vetita

1073 2163 1145 2201 lege
1161 2164 1307 2193 Hebraea.
1328 2163 1360 2192 ii.
1374 2164 1421 2199 13,
1435 2165 1464 2199 4,
1478 2165 1507 2192 2.
1551 2163 1630 2198 Quae
1644 2163 1840 2200 favorabilia,

1074 2222 1144 2250 quae
1153 2213 1269 2242 odiosa.
1284 2213 1315 2242 ii.
1327 2215 1375 2249 10,
1389 2213 1436 2249 16,
1445 2215 1473 2243 3.
1490 2213 1653 2251 AEqualia,
1664 2217 1731 2242 tum
1742 2212 1839 2251 pacis,

1074 2265 1143 2290 tum
1167 2263 1338 2292 societatis.
1370 2263 1402 2291 ii.
1418 2264 1467 2299 15,
1482 2263 1510 2299 6,
1525 2264 1555 2292 2.
1598 2262 1782 2301 lnaequalia.
1803 2263 1838 2293 ii.

1074 2312 1122 2347 15,
1137 2312 1165 2341 7.
1207 2312 1360 2350 AEqualia
1374 2312 1413 2340 de
1428 2311 1633 2341 commerciis.
1655 2312 1687 2341 ii.
1705 2313 1752 2348 15,
1765 2312 1794 2348 6,
1807 2314 1839 2344 2.

1074 2362 1267 2391 Personalia.
1291 2362 1324 2390 ii.
1342 2362 1390 2397 16,
1405 2362 1452 2397 16,
1468 2364 1497 2397 1,
1512 2363 1542 2390 3.
1583 2362 1707 2391 Realia.
1731 2362 1808 2391 ibid.

1034 2411 1183 2440 Federati
1205 2411 1378 2449 inaequales
1401 2420 1442 2439 an
1458 2411 1514 2449 jus
1533 2411 1664 2449 legandi
1687 2412 1838 2442 habeant.

1074 2460 1105 2488 ii.
1124 2461 1172 2497 18,
1187 2461 1215 2496 2,
1230 2462 1249 2488 2

1034 2509 1192 2538 Federum
1218 2509 1339 2539 divisio.
1368 2509 1398 2539 ii.
1423 2510 1471 2546 15,
1497 2510 1526 2545 4,
1549 2509 1579 2540 5.
1628 2509 1839 2549 Inaequalium

1075 2558 1196 2587 divisio.
1231 2558 1262 2587 ii.
1290 2559 1339 2595 15,
1365 2559 1394 2594 7,
1419 2561 1447 2588 1.
1488 2558 1661 2589 Distinctio
1683 2560 1767 2589 circa
1782 2560 1841 2598 jus

1075 2607 1272 2644 postliminii.
1293 2607 1336 2636 iii.
1350 2607 1380 2644 9,
1395 2609 1441 2643 18,
1455 2609 1475 2637 3

1035 2656 1175 2686 Feminae
1195 2658 1338 2695 captivae.
1379 2657 1588 2687 Hebraeorum
1612 2658 1663 2688 lex
1684 2668 1743 2697 pro
1765 2659 1839 2690 illis.

1074 2707 1120 2737 iii.
1134 2709 1164 2743 4,
1179 2708 1226 2743 19,
1242 2709 1270 2736 2.
1316 2708 1498 2738 Succedunt
1511 2709 1543 2738 in
1558 2709 1666 2748 regnis
1680 2710 1836 2748 patrimo-

1075 2756 1222 2785 nialibus.
1251 2756 1283 2786 ii.
1309 2757 1337 2793 7,
1356 2758 1403 2793 11,
1421 2760 1451 2787 1.
1493 2757 1662 2793 Quomodo
1690 2759 1836 2789 obnoxiae

1075 2806 1276 2844 bellicojuri.
1298 2807 1341 2835 iii.
1360 2808 1409 2841 11,
1421 2807 1453 2841 9,
1470 2809 1505 2844 13
1521 2809 1540 2838 3

1036 2855 1175 2885 Feminis
1189 2856 1394 2893 parcendum.
1418 2856 1495 2887 ibid.

1036 2905 1125 2934 Ferae
1141 2914 1277 2943 quorum
1292 2905 1377 2934 sint?
1398 2905 1459 2942 lex,
1474 2915 1545 2944 quae
1558 2916 1610 2936 eas
1624 2907 1693 2946 regi
1707 2907 1838 2945 addicit,

1077 2964 1139 2983 non
1156 2955 1282 2993 injusta.
1306 2956 1337 2984 ii.
1353 2957 1382 2991 2,
1397 2957 1427 2986 5.
1468 2957 1507 2985 In
1521 2957 1614 2994 sylvis
1627 2957 1757 2995 privatis
1771 2966 1835 2986 non
