1971 3326
135 198 227 234 CAP.
247 198 376 243 XIX]
543 202 611 236 DE
642 202 762 237 FIDE
792 202 952 238 INTER
985 204 1194 239 IIOSTES.
1521 199 1604 240 305

135 311 274 352 evenit
297 318 346 352 ut
368 312 535 367 alioqui
554 313 759 368 iusz'fflzem
785 316 974 357 nominis
997 316 1068 357 sui
1086 317 1335 358 memoriam
1358 317 1603 367 relicturus,

133 376 182 416 in
205 377 334 418 dubio
358 378 548 432 majorne
571 380 641 420 vir
665 395 724 420 au
737 381 862 434 pejor
884 382 1035 423 haberi
1057 382 1223 424 deberet
1238 389 1429 437 poneret.
1479 382 1606 441 Apud

134 441 363 484 Homerum
386 449 515 486 semet
538 451 731 487 accusant
754 446 890 488 adacti
915 446 1163 489 conscientia
1188 447 1356 504 Trojani
1375 465 1384 491 :
1621 455 1795 513 ζῑνῐαὲῑέξῐὲὸρ

888 527 960 559 Νῦν
989 523 1018 559 δ’
1045 524 1141 571 ὅρκια
1170 525 1278 559 πιστὰ

307 578 521 624 Ψευσάμενοι
550 581 766 626 μαχόμεσθα,
790 584 837 629 τῷ
862 582 901 616 οὐ
932 581 970 616 νύ
1001 582 1034 616 τί
1063 581 1205 617 κάλλιόν
1231 582 1339 618 ἐστιῙ.

883 650 1116 695 Rumpentes
1136 650 1264 685 federa
1284 661 1389 685 sacra

306 706 331 740 J
334 709 551 752 uiatamque
572 706 684 741 fidem
704 717 923 752 pugnamus,
944 717 1019 741 non
1041 707 1173 752 quibus
1195 711 1251 742 est
1271 708 1338 743 sas.

223 771 279 812 II.
329 773 352 812 1
390 773 447 814 Et
470 786 595 826 supra
609 771 696 827 jam
716 771 892 813 diximus
915 787 997 813 non
1020 772 1258 827 recipienda
1275 773 1346 815 illa
1368 772 1601 816 Ciceronis:
1622 784 1688 845 {³1¹³
1694 785 1722 809 ii
1736 785 1774 809 13

133 837 258 877 milla
291 836 409 878 uobis
441 839 622 879 societas
656 852 749 878 cum
790 839 1002 890 tyoauuis,
1036 840 1110 879 sed
1136 839 1284 891 potius
1319 854 1484 880 summa
1517 841 1604 881 clis-
1621 846 1752 900 2138017ῑο-
1767 845 1806 869 iii-

134 903 292 943 tractio
327 910 399 945 est.
464 904 598 944 Item.
622 906 783 958 pirata
817 918 903 945 uon
936 913 997 946 est
1025 919 1075 946 ex
1101 906 1392 958 perduellium
1426 920 1604 946 numero

132 968 365 1021 definitus:
400 984 497 1011 cum
538 970 615 1010 hoc
651 984 725 1011 uec
753 970 864 1023 fides
902 984 986 1011 esse
1021 971 1151 1018 debet,
1194 985 1268 1012 uec
1293 971 1603 1024 ιφτιές]’ῑιναηεῖῑωη

133 1047 359 1076 commuue.
422 1035 488 1075 De
528 1039 709 1090 tyranno
750 1034 874 1076 etiam
915 1037 1096 1077 Seneca:
1149 1037 1355 1090 quicquid
1391 1045 1486 1078 erat
1521 1052 1602 1090 quo
1620 1048 1740 1110 ijlsp-svici3
1753 1050 1793 1105 315

131 1100 239 1140 milii
287 1101 512 1142 colioereret
549 1101 757 1142 intercisa
788 1101 908 1154 juris
954 1102 1136 1142 humaui
1175 1104 1357 1144 societas
1398 1104 1600 1144 abscidit.

130 1165 198 1205 Ex
222 1179 302 1220 quo
334 1165 448 1207 fonte
473 1181 591 1207 error
623 1166 839 1207 Michaelis
870 1167 1040 1222 Ephesii
1072 1167 1281 1222 profluxit,
1308 1168 1378 1222 qui
1408 1168 1461 1208 ad
1484 1167 1601 1223 quin-

130 1235 218 1272 tum
234 1233 620 1274 Nicomacheorum
641 1231 757 1280 dixit,
783 1232 825 1272 in
841 1232 1009 1289 tyranni
1029 1247 1202 1273 uxorem
1222 1233 1493 1274 cadulterium
1517 1248 1601 1275 non
1619 1242 1735 1273 Cap-1⁰-

130 1296 350 1340 committi:
373 1298 483 1353 quod
507 1298 637 1353 ipsum
657 1298 747 1354 pari
769 1312 911 1339 errore
932 1298 1098 1354 quidam
1120 1293 1388 1340 d-Judaeorum
1412 1299 1600 1356 magistri

130 1362 182 1404 de
206 1363 446 1421 alienigenis
470 1364 677 1414 dixerunt,
711 1377 884 1419 quorum
910 1364 1099 1421 conjugia
1122 1379 1198 1420 pro
1222 1365 1342 1406 nullis
1365 1365 1532 1409 habent.

221 1430 247 1470 2
287 1429 413 1485 Atqui
437 1429 532 1471 belli
555 1429 716 1485 piratici
740 1443 929 1487 magnam
956 1435 1118 1486 partem
1143 1431 1217 1472 Cn.
1238 1430 1481 1486 ePompeius
1504 1445 1600 1487 pac-

129 1494 307 1538 tionibus
339 1495 524 1547 confecit,
547 1495 674 1537 vitam
705 1495 784 1536 illis
808 1495 1010 1551 pollicitus
1041 1502 1083 1538 et
1106 1496 1236 1546 sedes,
1267 1496 1309 1538 in
1333 1497 1480 1552 quibus
1511 1497 1599 1538 sine

127 1566 248 1617 rapto
272 1560 469 1604 viverent.
539 1562 596 1603 Et
619 1560 789 1618 tyranni
818 1561 1026 1603 interdum
1054 1561 1288 1604 libertatem
1312 1562 1597 1612 reddiderunt,

126 1626 411 1683 impunitatem
437 1627 558 1683 pacti.
609 1627 750 1669 Caesar
764 1628 883 1669 Belli
904 1628 1058 1670 Civilis
1078 1627 1214 1677 tertie,
1233 1643 1258 1669 a
1273 1628 1470 1669 Romanis
1486 1627 1597 1670 duci·
1616 1635 1679 1666 Cap·
1698 1635 1735 1659 19-

126 1692 204 1735 bus
226 1708 317 1735 cum
349 1693 612 1749 praedonibus
643 1698 685 1734 et
705 1692 901 1749 fugitivis,
927 1694 997 1749 qui
1020 1693 1063 1734 in
1093 1694 1310 1750 Pyrenaeis
1334 1700 1454 1736 erant
1484 1709 1597 1736 mon-

127 1821 181 1840 nec
221 1810 430 1846 homicidium,
471 1813 636 1847 tyrannum
677 1808 827 1837 occidere.
954 1815 967 1830 θ
988 1809 1158 1847 Pompeius
1166 1810 1367 1848 pactionibus
1375 1811 1521 1850 confecit]
1546 1813 1598 1842 Sic

127 1861 233 1890 Julius
250 1861 363 1890 Clarus
376 1860 409 1888 in
425 1859 442 1897 ἓ
459 1859 658 1888 homicidium
676 1867 761 1886 num.
777 1858 827 1888 36.
892 1858 1072 1896 improbata
1092 1859 1179 1888 Didii
1201 1861 1333 1898 perfidia
1361 1862 1393 1889 in
1418 1862 1596 1892 Celtiberos

126 1911 276 1940 feminam
305 1910 467 1943 bannitam
507 1909 636 1946 impune
670 1907 826 1936 adulterio
894 1918 931 1937 ex
953 1911 1046 1946 rapto
1068 1909 1219 1938 viventes.
1264 1910 1362 1948 [Vide
1377 1911 1597 1943 APPJAN..De

127 1961 286 1998 corrumpi
302 1960 435 1988 censuit.
892 1958 974 1987 Bell.
991 1958 1128 1996 Hispan.
1144 1968 1218 1997 pag.
1234 1961 1302 1996 312,
1315 1963 1358 1999 et,
1369 1962 1455 1999 quod
1470 1966 1596 2000 spectat

186 2010 201 2031 d
221 2010 407 2039 Judoeorum
429 2005 589 2045 maqz'stri]
623 2006 727 2035 Rabbi
749 2006 826 2035 Levi
892 2008 1092 2046 Pompeium,
1126 2009 1324 2041 PLUTARcH.
1350 2012 1382 2040 in
1411 2011 1479 2050 ejus
1511 2012 1594 2050 Vita,

126 2061 196 2090 Ben
213 2060 337 2089 Gerson
353 2061 385 2088 et
400 2058 505 2087 Rabbi
521 2057 645 2086 Salomo
661 2057 700 2085 ad
723 2056 824 2086 Levit.
891 2067 966 2096 pag.
982 2058 1051 2095 632,
1063 2058 1133 2089 633.
1174 2059 1211 2089 J.
1226 2059 1284 2099 R]

127 2121 178 2140 XX.
190 2112 238 2141 10.

127 2264 271 2299 Homer
290 2261 471 2309 reproach
492 2261 715 2296 themselves
738 2260 824 2295 with
844 2260 981 2307 having
999 2261 1143 2297 broken
1160 2261 1260 2297 their
1279 2261 1398 2297 oaths.

205 2321 255 2355 II.
309 2324 327 2353 1
362 2320 431 2354 We
451 2319 544 2353 have
565 2319 683 2353 above
705 2317 796 2358 said,
817 2317 898 2352 that
915 2329 968 2353 we
986 2330 1049 2353 are
1067 2323 1133 2354 not
1149 2323 1188 2354 to
1210 2323 1340 2364 accept
1356 2318 1439 2354 that
1455 2319 1593 2354 maxim

128 2378 172 2414 of
185 2378 327 2418 Cicero,
342 2376 425 2410 that
441 2376 525 2410 with
542 2377 698 2421 Tyrants
710 2386 760 2408 we
777 2375 860 2408 leave
877 2386 921 2408 uo
939 2376 1155 2421 commuu'z'ty
1172 2378 1217 2423 of
1229 2377 1451 2416 intercourse,
1467 2377 1526 2410 but
1541 2377 1593 2410 the

127 2441 216 2470 most
236 2434 344 2469 entire
364 2433 591 2479 separatiou;
622 2432 695 2466 and
716 2431 805 2471 also,
827 2443 850 2464 a
866 2431 994 2466 Pirate
1013 2433 1043 2467 is
1063 2439 1123 2466 uot
1140 2445 1163 2466 a
1183 2433 1330 2477 reyular
1350 2443 1486 2476 eoem-gu
1507 2433 1593 2466 with

128 2493 201 2526 him
221 2503 270 2524 we
290 2502 359 2524 cau
379 2491 512 2523 neither
532 2491 617 2523 hace
627 2489 731 2533 saith
753 2500 820 2521 uor
840 2489 922 2521 oatll
941 2489 980 2522 iu
1001 2501 1170 2523 common.
1223 2489 1273 2523 So
1296 2489 1438 2522 Seneca
1458 2489 1591 2533 speaks

129 2548 172 2582 of
185 2547 249 2581 the
267 2547 406 2591 society
423 2547 467 2580 of
482 2546 621 2579 human
638 2544 738 2589 right
759 2544 870 2589 being
891 2549 953 2579 cut
970 2546 1025 2579 off
1043 2545 1131 2580 with
1152 2557 1174 2579 a
1191 2548 1326 2591 tyrant.
1388 2544 1472 2578 And
1493 2545 1591 2578 from

127 2604 201 2639 this
219 2613 361 2643 source,
377 2602 508 2636 fiowed
522 2602 585 2636 the
602 2612 706 2635 error
722 2600 764 2634 of
776 2601 937 2636 Michael
954 2602 1148 2647 Ephesius,
1164 2602 1258 2643 who,
1278 2602 1317 2634 in
1333 2600 1389 2635 his
1408 2601 1590 2635 Commen-

129 2667 212 2705 tary
238 2672 283 2694 ou
299 2658 479 2699 Aristotle,
499 2669 594 2703 says,
616 2657 698 2691 that
716 2657 802 2690 with
821 2657 883 2692 the
900 2658 983 2692 wife
1004 2659 1048 2692 of
1063 2670 1085 2692 a
1106 2662 1241 2704 tyrant,
1265 2657 1437 2703 adultery
1454 2661 1591 2692 cannot

127 2717 175 2752 be
204 2715 433 2750 committed.
484 2714 569 2748 And
597 2725 699 2748 some
725 2714 768 2747 of
794 2713 857 2747 the
877 2714 1015 2748 Jewish
1047 2719 1214 2755 masters,
1243 2715 1293 2759 by
1318 2725 1341 2748 a
1371 2714 1447 2748 like
1475 2725 1589 2756 error,

127 2773 216 2808 hold
238 2772 311 2807 this
330 2772 372 2806 of
383 2775 581 2816 strangers,
596 2770 719 2804 whose
736 2770 919 2815 marriage
939 2770 1029 2816 they
1050 2771 1188 2805 reckon
1208 2782 1247 2805 as
1268 2770 1437 2815 nothing.

204 2833 226 2863 2
258 2828 344 2862 And
360 2831 422 2874 yet
442 2827 642 2872 Pompeius
664 2826 797 2860 wound
814 2837 863 2871 up
881 2826 945 2860 the
966 2838 1041 2860 war
1058 2827 1101 2860 of
1126 2827 1190 2861 the
1207 2827 1357 2872 pirates,
1378 2827 1417 2860 in
1437 2838 1460 2861 a
1482 2831 1590 2873 great

127 2886 275 2932 degree,
296 2885 345 2930 by
365 2884 616 2924 conventions,
642 2884 681 2916 in
697 2882 817 2916 which
837 2882 884 2916 he
912 2883 1100 2928 promised
1120 2882 1224 2918 them
1244 2882 1342 2918 their
1362 2883 1452 2919 lives
1472 2884 1547 2918 and
1567 2896 1590 2918 a

126 2943 342 2979 settlement
370 2941 410 2975 in
436 2940 556 2975 which
585 2940 673 2986 they
702 2938 822 2985 might
852 2938 924 2973 live
953 2939 1110 2974 without
1134 2940 1276 2986 rapine.
1339 2939 1424 2975 And
1444 2944 1589 2988 tyrants

262 3045 417 3101 [GROT.
438 3044 520 3101 111.]
1400 3012 1456 3052 20
