1971 3326
129 203 217 238 CAP.
237 201 300 245 V.]
360 203 427 237 DE
460 203 626 237 REBUS
657 201 945 237 VASTANDIS
976 201 1392 243 ERIPIENDISQUE.
1513 196 1587 235 101

130 311 313 354 Deorum
340 311 509 353 donaria
540 308 655 367 hcapi
687 326 711 353 a
742 310 962 353 victoribus
994 311 1125 353 solere
1154 311 1313 353 notavit
1338 311 1770 355 Pausaniaszmb-m-w-

126 384 170 420 et
195 378 337 420 Cicero
361 377 457 419 belli
480 377 614 434 legem
638 377 680 419 id
704 383 834 427 vocat,
861 377 912 419 de
939 377 985 419 P.
1013 376 1188 419 Servilio
1219 378 1415 433 loquens:
1452 380 1587 433 sigma,
1606 387 1644 440 {gf
1660 386 1762 411 ''err-'¹-

125 443 269 499 inquit,
303 452 341 485 et
378 452 626 485 ornamenta
666 459 715 486 ex
755 445 859 486 urbe
895 444 1082 485 hostium
1115 445 1160 486 vi
1195 452 1233 487 et
1263 445 1425 486 virtute
1457 453 1590 500 capta

127 511 227 552 belli
256 511 341 564 leye
375 518 506 565 atquc
535 511 815 565 imperatorio
838 511 940 564 jure
968 511 1156 551 sustulit.
1224 509 1291 551 Sic
1322 509 1459 551 Livius
1488 516 1589 552 tem·
1608 513 1798 539 Lib·'‘’‘v·⁴⁰·

124 575 285 632 plorum
321 581 561 617 ornamenta
587 590 678 631 quae
712 575 928 631 Syracusis
959 575 1179 618 Marcellus
1210 576 1384 617 Romam
1420 576 1590 618 advexit

119 651 260 697 parta
282 641 340 685 ait
363 643 461 684 belli
486 642 599 695 jure.
661 642 705 683 C.
731 640 954 682 Flaminius
977 655 1053 696 pro
1076 643 1134 684 Μ.
1160 641 1331 684 Fulvio:
1363 644 1491 697 siqua
1515 645 1586 684 ab·
1606 644 1793 700 ffiff‘jgffigj

127 709 222 750 lata
252 716 291 750 et
325 716 465 750 cetera
489 708 618 761 facta
648 722 740 760 quce
771 709 913 762 captis·
944 708 1122 749 urbibus
1154 709 1328 750 soleant.
1398 703 1588 751 iFulvius
1604 708 1642 730 ⁴³·

125 788 287 830 quoque
321 773 362 815 in
385 772 571 814 oratione
605 772 700 814 belli
728 771 797 828 jus
827 772 905 813 hoc
928 770 1060 827 ipsum
1095 773 1288 828 appellat.
1358 775 1415 816 Et
1447 775 1587 816 Caesar
1605 783 1805 808 Lib-xxxix-4-

124 840 168 882 in
201 839 386 882 oratione
415 838 526 894 apud
559 838 796 880 Sallustium
831 837 1016 880 referens
1049 852 1141 894 quae
1176 839 1292 881 victis
1324 839 1455 882 solent
1486 841 1587 882 acci·
1605 851 1672 905 {³⁴}ss
1684 850 1763 874 Catil·

124 905 236 955 dere,
261 905 376 962 ponit
399 911 441 947 et
463 900 589 946 kfana
611 904 788 961 spoliari.
1621 899 1626 904 “
1673 900 1677 905 ”

224 973 252 1013 4
300 971 409 1014 Illud
433 977 571 1013 tamen
595 986 738 1013 verum
763 975 837 1020 est,
875 969 908 1011 si
932 984 1012 1026 quo
1036 970 1078 1012 in
1102 969 1317 1013 simulacro
1341 987 1493 1014 numen
1516 973 1589 1014 ali-

124 1037 234 1093 quod
253 1037 385 1080 inesse
415 1037 620 1086 credatur,
651 1036 694 1079 id
718 1035 861 1079 violari
889 1042 961 1078 aut
990 1037 1197 1093 corrumpi
1224 1037 1338 1079 nefas
1362 1039 1415 1080 ab
1450 1038 1499 1081 iis
1520 1039 1589 1095 qui

122 1103 165 1145 in
188 1118 238 1146 ea
260 1103 523 1160 persuasione
547 1103 817 1145 conveniunt:
847 1108 889 1145 et
911 1102 987 1144 hoc
1008 1117 1129 1145 sensu
1151 1102 1383 1159 impietatis,
1408 1110 1481 1147 aut
1503 1105 1588 1147 laesi

123 1169 247 1212 etiam
283 1169 467 1227 gentium
493 1169 599 1225 juris
635 1175 877 1211 accusantur
908 1167 1115 1211 interdum
1147 1169 1218 1225 qui
1248 1170 1348 1212 talia
1380 1171 1588 1213 commise-

123 1241 233 1286 runt,
264 1236 454 1278 nimirum
479 1250 530 1277 ex
555 1235 648 1277 talis
672 1235 871 1291 opinionis
894 1234 1106 1291 positione.
1159 1235 1285 1278 Aliud
1309 1242 1371 1279 est
1395 1237 1428 1278 si
1449 1237 1588 1280 hostes

122 1316 205 1344 non
227 1301 336 1344 idem
359 1301 562 1344 sentiant:
599 1301 702 1343 sicut
731 1300 890 1343 Judaeis
920 1316 1001 1342 non
1033 1300 1274 1357 permissum
1304 1309 1478 1353 tantum,
1515 1304 1588 1345 sed

123 1374 166 1410 et
188 1373 440 1425 praeceptum
471 1373 533 1410 est
563 1367 747 1425 gentium
782 1366 999 1409 simulacra
1021 1367 1213 1410 abolere:
1243 1382 1338 1410 nam
1370 1370 1480 1426 quod
1511 1369 1586 1412 sibi
1605 1377 1777 1402 mutui-⁵·

121 1434 307 1491 accipere
336 1440 542 1482 vetantur,
573 1434 616 1476 id
650 1448 740 1475 eam
775 1448 938 1475 causam
966 1433 1104 1483 habet,
1136 1448 1216 1489 quo
1251 1434 1382 1492 magis
1417 1436 1588 1478 Hebraei

121 1500 430 1558 superstitiones
451 1500 635 1558 gentium
658 1499 976 1549 detestarentur,
1005 1499 1253 1556 impuritatis
1279 1501 1475 1544 admoniti
1499 1502 1587 1558 ipso

119 1619 159 1648 ad
175 1627 228 1648 111.
243 1621 275 1648 et
289 1618 329 1647 ad
343 1616 557 1647 1x.AEneidos
571 1619 602 1646 et
617 1616 655 1645 ad
672 1625 736 1645 ΧΠ.
766 1616 819 1645 Ad

121 1669 264 1707 eclogam
286 1677 361 1697 vero
389 1667 573 1706 septimam:
602 1667 685 1696 dona
712 1666 819 1696 oblata

120 1719 295 1748 numinibus
315 1719 434 1748 tamdiu
455 1727 551 1747 sacra
577 1721 657 1753 sunt,
685 1720 711 1746 et
735 1718 818 1746 dona

114 1773 247 1807 possunt
265 1769 340 1806 dici,
360 1769 508 1806 quamdiu
527 1777 586 1796 non
596 1768 723 1806 fuerint
738 1776 817 1805 pro-

110 1819 244 1857 fanata.
285 1819 354 1857 (Ad
369 1828 447 1847 vers.
463 1817 529 1855 31.)

179 1868 194 1890 ¹¹
218 1869 301 1908 Capi
315 1879 335 1898 a
349 1868 517 1898 victoribus
531 1865 640 1904 solere]
664 1866 817 1904 Virgilius

119 1919 273 1948 AEueidos
286 1928 318 1948 v.
335 1919 432 1956 (vers,
447 1917 542 1953 360):

150 1968 270 1999 Neptuni
286 1975 360 1992 sacro
377 1967 478 1991 Danais
492 1966 524 1990 de
543 1968 615 1997 poste
630 1966 752 1991 refixum.

119 2016 307 2046 Plutarchus
323 2015 420 2044 Fabio
439 2017 557 2049 narrat,
578 2015 701 2052 signum
718 2015 758 2043 ab
778 2023 815 2043 eo

119 2066 266 2095 Herculis
295 2064 426 2094 Tarenti
454 2067 592 2102 captum,
622 2063 814 2102 missumque

119 2116 150 2144 in
165 2115 373 2153 Capitolium:
388 2114 526 2152 reliquos
537 2114 623 2142 Deos
635 2113 815 2142 Tarentinis

118 2165 258 2202 rehem,
275 2167 312 2194 ut
330 2165 438 2194 iratos.
479 2164 571 2202 (Pag.
587 2163 641 2192 187
659 2163 701 2200 c.)
743 2162 815 2192 Huc

886 1619 1011 1654 spectat
1038 1620 1070 1646 et
1094 1617 1179 1656 quod
1206 1618 1301 1646 modo
1324 1627 1362 1647 ex
1388 1619 1586 1648 Tertulliano

885 1667 1060 1703 attulimus,
1083 1671 1115 1696 et
1138 1668 1278 1706 ejusdem
1302 1668 1360 1697 hoe
1381 1669 1420 1697 ad
1442 1669 1585 1697 nationes

886 1724 923 1744 11.
954 1717 1011 1746 Tot
1031 1717 1140 1746 deinde
1160 1717 1197 1746 do
1211 1717 1288 1747 Diis
1303 1721 1376 1756 quot
1390 1718 1426 1748 de
1446 1719 1586 1756 flentibus

884 1766 1035 1804 triumphi
1045 1776 1054 1795 .-
1075 1770 1197 1796 maneut
1210 1771 1238 1796 et
1251 1768 1424 1797 simulacra
1437 1768 1563 1806 captiva
1569 1778 1585 1803 ‚-

884 1820 913 1844 et
928 1817 1033 1855 utique
1044 1818 1186 1854 sentiunt,
1198 1827 1274 1856 quos
1283 1828 1341 1847 nou
1353 1822 1470 1849 amant.
1489 1818 1584 1857 (Cap.

883 1866 945 1903 17.)

942 1915 949 1936 i
977 1915 1121 1954 Fulvius]
1146 1916 1227 1947 Vide
1246 1917 1412 1956 Polybium
1435 1920 1584 1956 excerpto

882 1965 1077 2003 legationum
1092 1967 1142 1996 28.

942 2013 955 2034 k
976 2014 1072 2043 Fana
1097 2014 1247 2052 spoliari]
1284 2015 1366 2045 Vide
1395 2016 1583 2045 Cromerum

881 2063 961 2093 libro
976 2072 1065 2092 xvn.
1088 2065 1174 2102 (pag.
1191 2065 1261 2103 402)
1290 2065 1328 2094 de
1352 2065 1446 2094 rebus
1468 2066 1584 2095 Antio-

879 2114 1003 2142 chensis
1018 2114 1168 2142 Ecclesiae
1189 2115 1290 2152 captis
1305 2124 1323 2143 a
1340 2115 1492 2151 chosroe,
1513 2116 1584 2145 vide

880 2162 1073 2201 Procopium
1088 2163 1291 2193 Persicorum
1307 2173 1346 2194 11.
1362 2165 1442 2203 (cap.
1457 2165 1500 2203 9.)

120 2329 308 2365 Servilius.
343 2330 392 2364 So
409 2330 513 2376 Livy,
533 2329 711 2375 speaking
732 2329 775 2364 of
791 2329 854 2364 the
872 2335 1085 2366 ornaments
1103 2331 1145 2365 of
1164 2331 1227 2365 the
1247 2331 1404 2377 temples
1420 2330 1583 2377 brought

117 2386 167 2433 by
197 2387 395 2421 Marcellus
424 2387 523 2421 from
560 2387 741 2432 Syracuse
773 2390 812 2420 to
844 2388 974 2423 Rome.

1038 2389 1088 2423 So
1115 2389 1155 2423 C.
1178 2388 1383 2423 Flaminius
1414 2389 1452 2423 in
1478 2389 1583 2434 Livy,

115 2444 191 2478 and
211 2444 361 2478 Fulvius
380 2444 417 2478 in
438 2444 628 2490 Polybius,
649 2443 723 2477 and
740 2443 862 2477 Caesar
886 2445 924 2477 in
946 2445 1095 2480 Sallust.

188 2504 210 2534 4
242 2500 278 2534 It
307 2500 336 2534 is
372 2500 542 2534 however
568 2504 662 2541 true,
695 2500 777 2534 that
806 2500 838 2534 if
866 2500 971 2536 there
1001 2501 1048 2536 be
1078 2513 1152 2547 any
1184 2502 1304 2547 image
1336 2502 1375 2534 in
1409 2500 1529 2535 which
1559 2512 1581 2535 a

117 2557 240 2590 divine
262 2557 380 2590 virtue
398 2557 427 2590 is
448 2557 633 2602 supposed
653 2560 692 2590 to
714 2557 818 2598 exist,
844 2558 874 2591 it
901 2558 931 2593 is
952 2558 1092 2593 wicked
1113 2558 1195 2593 that
1219 2559 1248 2591 it
1271 2558 1405 2592 should
1436 2558 1482 2592 be
1503 2558 1580 2591 vio-

116 2613 217 2648 lated
239 2624 280 2647 or
297 2613 494 2658 destroyed
511 2613 561 2658 by
582 2613 688 2647 those
706 2613 787 2647 who
816 2625 926 2659 agree
957 2615 996 2648 in
1024 2615 1108 2650 that
1133 2615 1361 2660 persuasion.
1423 2613 1509 2648 And
1541 2615 1581 2648 in

115 2670 189 2705 this
210 2681 315 2704 sense
335 2669 424 2715 they
443 2669 524 2703 who
546 2670 698 2703 commit
718 2670 806 2704 such
828 2675 905 2705 acts
926 2682 989 2705 are
1010 2672 1167 2706 accused
1187 2671 1230 2705 of
1242 2671 1408 2716 impiety,
1429 2681 1472 2705 or
1488 2681 1580 2705 even

114 2727 159 2762 os
174 2727 355 2771 breaking
374 2726 438 2760 the
458 2727 563 2760 Laws
585 2725 628 2760 of
650 2727 809 2761 Nations
821 2739 830 2767 3
861 2727 943 2762 that
964 2728 1006 2768 is,
1026 2739 1074 2762 on
1091 2727 1155 2762 the
1176 2727 1405 2772 assumption
1426 2727 1469 2761 of
1488 2727 1580 2762 such

115 2795 165 2818 an
191 2784 355 2829 opinion.
407 2783 443 2818 It
471 2783 501 2817 is
532 2782 691 2817 another
722 2787 859 2817 matter
887 2784 921 2817 if
945 2784 1011 2818 the
1044 2784 1206 2818 enemies
1234 2783 1282 2817 do
1302 2787 1368 2818 not
1389 2794 1428 2818 so
1455 2783 1576 2819 think.

117 2840 218 2875 Thus
239 2840 303 2875 the
331 2840 428 2875 Jews
446 2851 542 2874 were
562 2843 628 2874 not
649 2840 736 2885 only
763 2840 976 2884 permitted,
999 2840 1068 2875 but
1088 2840 1333 2874 commanded
1361 2844 1401 2875 to
1428 2840 1580 2886 destroy

115 2896 181 2932 the
207 2897 301 2931 idols
331 2897 374 2931 of
401 2896 466 2932 the
496 2897 675 2931 Gentiles.
738 2897 812 2930 For
840 2896 939 2931 their
965 2897 1078 2942 being
1101 2897 1301 2932 forbidden
1328 2901 1367 2932 to
1395 2897 1482 2932 take
1503 2897 1578 2932 and

115 2953 210 2999 keep
232 2954 334 2988 them
363 2965 434 2989 was
461 2954 520 2988 for
549 2953 622 2988 this
650 2964 801 2995 reason3
826 2953 908 2989 that
933 2953 998 2988 the
1028 2954 1205 2989 Hebrews
1235 2954 1354 2999 might
1381 2954 1446 2990 the
1475 2965 1578 2989 more
