1971 3326
205 180 289 227 424

206 303 323 342 Injusti
344 302 479 341 judices,
506 307 614 340 testes,
639 307 847 342 accusatores,
872 306 911 334 ad
936 305 1011 342 quid

245 358 426 385 teneantur.
447 355 478 384 ii.
495 356 543 393 17,
560 356 598 386 16

205 405 413 434 Innocentem
431 415 471 435 an
487 409 652 435 teneamur
666 405 848 443 defendere,
863 407 896 434 et
909 414 1011 443 quan-

247 455 297 485 do.
319 455 350 484 ii.
366 457 415 492 25,
427 458 454 492 2,
471 455 499 485 δι
513 458 542 492 3,
559 458 576 485 1

205 505 349 544 Insignia
368 507 465 545 regiae
487 507 656 544 potestatis
682 507 900 535 conceduntur
922 506 1010 544 prin-

245 555 367 593 cipibus
382 556 492 594 populi
506 556 607 584 liberi.
631 556 650 585 i.
667 557 694 592 3,
711 557 758 591 10,
771 557 791 585 3

205 603 371 633 Institoria
391 605 475 633 actio
496 604 591 633 unde.
622 604 653 633 ii.
672 606 720 639 11,
735 606 783 639 13,
798 606 846 633 12.
888 605 937 634 Ex
953 605 1010 633 In-

244 654 364 683 stitoris
379 658 453 683 actu
472 664 528 683 cur
544 657 692 684 teneatur
713 654 767 693 qui
789 664 861 684 eum
883 664 1009 694 praepo-

246 703 318 732 suit.
342 704 373 732 ii.
390 706 436 740 10,
450 705 469 732 2

204 753 423 782 Instrumenta
437 753 519 782 ruris
533 753 659 792 pignori
679 753 749 792 capi
762 754 870 784 vetita.
901 754 943 784 iii.
960 756 1008 791 12,

245 804 274 838 4,
288 804 308 831 4

204 852 315 881 Insula
330 853 489 891 quomodo
500 852 716 891 distinguatur
730 854 770 882 ab
783 854 951 883 alluvione.
973 855 1006 885 ii.

242 903 273 938 8,
289 903 327 930 14

203 951 322 980 Insulae
337 950 437 990 cujus·
459 951 491 980 ii.
506 952 535 987 8,
550 953 598 988 14,
613 953 640 987 1,
657 951 684 981 &2
699 952 728 988 9,
743 954 762 981 3

205 1001 486 1038 Interpretationis
501 1002 615 1030 fontes.
637 1002 668 1031 ii.
686 1002 734 1038 16,
750 1004 777 1039 1,
793 1004 809 1032 1

206 1050 406 1080 Interfectio.
456 1051 535 1080 Vide
551 1051 686 1081 Oecisio.

204 1101 337 1130 Interim
352 1110 410 1139 pro
426 1102 595 1131 interdum.
618 1102 650 1130 ii.
667 1104 716 1137 13,
733 1102 751 1132 6

203 1150 441 1188 Interpretandi
456 1152 584 1189 regulae.
605 1152 637 1181 ii.
654 1152 701 1187 16,
716 1153 734 1180 2

202 1200 334 1229 Invasor
348 1201 471 1238 imperii
486 1201 654 1239 praeceptis
673 1201 737 1230 suis
752 1204 909 1239 quatenus
925 1201 1005 1230 obli-

241 1253 308 1288 get.
343 1250 364 1279 i.
385 1252 416 1287 4,
441 1252 489 1279 15.
547 1251 715 1285 Quomodo
742 1252 843 1289 possit
870 1251 1006 1280 interfici

188 1304 198 1309 “
242 1300 410 1338 bellijure.
433 1301 452 1330 i.
468 1302 497 1338 4,
509 1302 555 1330 16.
588 1300 633 1330 Et
645 1310 683 1329 ex
697 1301 769 1339 lege
785 1301 1004 1331 antecedente.

241 1351 262 1380 i.
277 1353 305 1386 4,
322 1352 368 1380 17.
410 1349 456 1380 Et
481 1360 519 1380 ex
540 1351 730 1379 auctoritate
750 1350 804 1388 jus
828 1351 1005 1388 imperandi

242 1401 401 1430 habentis.
434 1401 454 1430 i.
477 1402 506 1437 4,
535 1402 581 1430 18.
626 1401 693 1429 Cur
714 1403 805 1429 extra
832 1410 921 1429 casus
949 1410 1004 1429 ex—

244 1453 353 1487 ceptos
367 1448 502 1478 interfici
525 1458 544 1477 a
566 1449 690 1487 privato
713 1458 776 1477 non
795 1449 904 1487 possit.
939 1449 959 1479 i.
975 1451 1004 1485 4,

242 1500 290 1535 19,
306 1501 322 1528 1

201 1550 399 1579 Inventionis
426 1550 538 1579 titulus
562 1550 667 1579 locum
690 1559 754 1578 non
779 1550 876 1579 habet
898 1550 930 1578 in
956 1550 1004 1578 his

240 1599 387 1637 quaejam
403 1600 614 1637 possidentur.
638 1600 669 1628 ii.
685 1601 732 1636 22,
750 1600 787 1629 19

201 1650 455 1678 Involuntarium
471 1659 509 1678 ex
534 1650 714 1678 voluntario
739 1649 919 1678 habendum
944 1658 1003 1687 pro

237 1699 425 1727 voluntario.
448 1699 479 1727 ii.
496 1700 543 1734 17,
560 1700 597 1727 18

199 1747 352 1775 Inundati
373 1746 442 1783 agri
457 1746 628 1784 oujusjure
642 1746 798 1775 Romano.
821 1745 851 1775 ii.
867 1747 895 1782 8,
910 1746 938 1781 8,
954 1747 1001 1782 10,

241 1796 272 1825 &
288 1798 318 1831 1,
334 1798 382 1831 11,
397 1798 413 1824 1

198 1845 420 1874 Inundationis
435 1846 505 1873 duae
518 1846 647 1883 species„
669 1846 702 1875 ii.
717 1847 745 1882 8,
760 1847 780 1875 8

200 1895 414 1925 Inundatione
429 1895 602 1923 dominium
618 1896 807 1924 naturaliter
828 1904 891 1924 non
907 1895 1000 1924 amit-

239 1944 328 1973 titur.
351 1944 382 1973 ii.
398 1945 427 1979 8,
442 1945 488 1979 10,
506 1945 521 1972 1

195 1995 377 2025 Inundatus
400 2003 477 2032 ager
497 1994 625 2031 quando
643 1994 811 2023 derelictus
834 1994 998 2025 habeatur.

236 2045 269 2075 ii.
283 2046 311 2080 8,
327 2046 376 2080 10,
389 2046 408 2073 3

197 2094 219 2124 J
222 2094 333 2123 oannis
348 2094 504 2131 Baptistae
514 2096 546 2123 et
559 2092 677 2122 Christi
687 2093 829 2122 doctrina
843 2095 999 2130 quatenus

237 2144 358 2172 eadem.
381 2143 400 2173 i.
414 2145 442 2179 2,
458 2145 486 2178 7,
502 2144 521 2172 5

198 2193 358 2230 Josephus
387 2193 519 2221 Judaeus
545 2192 577 2220 in
602 2192 682 2230 legis
708 2191 904 2229 expositione
932 2193 998 2221 Ro-

203 2251 205 2256 ·
238 2244 338 2272 manis
352 2243 526 2272 blanditur.
547 2242 590 2271 iii.
606 2243 634 2278 5,
650 2244 676 2277 1,
692 2241 710 2270 6

197 2293 331 2332 Josephi
346 2292 538 2321 Patriarchae
553 2292 654 2320 dolus.
686 2291 730 2320 iii.
746 2293 772 2328 1,
789 2293 837 2329 15,
853 2293 882 2320 2.
924 2292 995 2321 Μο-

236 2343 409 2380 nopolium.
430 2342 461 2371 ii.
479 2343 527 2376 12,
544 2341 582 2370 16

197 2393 252 2422 Ira
273 2392 359 2430 quid.
397 2392 428 2421 ii.
445 2393 494 2426 20,
509 2392 537 2427 5,
553 2394 587 2427 13
608 2391 652 2421 iii.
677 2392 725 2428 11,
748 2392 778 2428 4,
802 2393 829 2420 2.
872 2391 909 2420 In
927 2391 997 2421 Deo

237 2445 402 2480 quatenus,
424 2441 456 2469 ii.
472 2443 518 2477 13,
536 2442 562 2476 1,
576 2442 596 2469 3

198 2491 421 2529 lrregularitas
436 2500 474 2519 ex
488 2490 583 2518 bello.
605 2489 635 2519 ii.
652 2490 700 2526 24,
718 2491 755 2519 10

198 2540 285 2569 Irriti
300 2542 389 2568 actus
408 2540 537 2577 quinam
552 2539 626 2576 jure
650 2542 779 2568 naturae.
810 2539 844 2568 ii.
858 2540 889 2577 5,
905 2541 952 2576 10,
968 2541 996 2569 1.

236 2588 267 2617 A
281 2588 353 2626 lege
368 2588 451 2616 civili
465 2597 527 2616 non
543 2587 635 2625 fiunt,
652 2588 710 2616 nisi
727 2597 835 2617 eorum
852 2588 906 2626 qui
921 2590 996 2618 sub-

237 2640 322 2666 sunt.
343 2637 375 2665 ii.
390 2638 418 2672 5,
435 2638 481 2672 14,
496 2638 524 2672 2,
539 2638 558 2666 3

196 2686 266 2715 Itus
282 2687 439 2724 quomodo
453 2686 589 2715 reditum
604 2687 861 2725 comprehendat.
889 2687 931 2717 iii.
947 2689 996 2725 21,

238 2736 275 2765 16

200 2784 314 2813 Judaei.
341 2783 416 2813 Vide
431 2785 571 2815 Hebraei.

198 2831 383 2861 Judaeorum
399 2834 505 2871 opinio
520 2835 559 2864 de
574 2837 760 2867 necessitate
775 2837 994 2868 restitutionis.

238 2881 281 2909 iii.
298 2882 346 2916 10,
361 2883 380 2909 3

198 2929 307 2961 Judex
323 2931 411 2968 quasi
426 2934 527 2968 pater.
548 2933 582 2963 ii.
596 2936 645 2971 20,
660 2937 687 2970 2,
703 2937 718 2963 1

634 189 802 225 INDEX
831 191 1016 226 RERUM
1046 191 1451 233 PRAECIPUARUM,

1078 305 1099 334 J
1103 305 1251 334 udicandi
1277 306 1409 335 libertas
1436 306 1555 335 homini
1582 308 1624 336 ab
1651 308 1778 338 homine
1801 318 1882 347 quo-

1117 355 1211 384 modo
1227 356 1389 385 debeatur.
1412 356 1455 386 iii.
1472 358 1500 392 1,
1516 358 1563 393 11,
1576 359 1593 385 1

1078 403 1100 433 J
1103 404 1228 433 udicare
1241 414 1281 433 an
1297 405 1398 443 possit
1420 405 1460 433 de
1480 405 1572 443 regni
1593 406 1801 443 successione,
1817 407 1882 437 sive

1116 462 1182 490 rex,
1197 454 1261 483 sive
1275 455 1425 492 populus.
1447 455 1479 484 ii.
1497 456 1526 491 7,
1541 456 1577 486 27

1078 501 1241 532 Judicium
1256 504 1325 533 zeli.
1348 504 1380 533 ii.
1396 506 1447 540 20,
1462 505 1492 542 9,
1507 506 1528 534 ὅ

1077 551 1199 582 Judicii
1213 554 1346 583 cessatio
1363 558 1586 584 momentanea
1601 557 1658 585 aut
1671 555 1833 586 continua.
1855 556 1878 586 i.

1116 606 1145 640 3,
1160 606 1190 639 2,
1207 607 1234 635 1.
1277 605 1360 635 Jure
1371 608 1427 635 aut
1439 606 1536 634 facto.
1559 606 1635 635 ibid.

1077 653 1205 683 Judieia
1220 655 1397 683 criminalia
1422 664 1520 693 quare
1539 655 1695 685 instituta.
1720 655 1752 685 ii.
1768 657 1816 692 20,
1831 656 1880 692 14,

1115 706 1162 734 15.
1206 705 1366 743 Capitalia
1380 715 1420 734 an
1435 705 1588 744 permissa
1603 705 1801 742 Christianis,
1815 715 1880 736 non

1115 758 1190 784 sunt
1233 756 1422 785 affectanda.
1457 755 1487 784 ii.
1517 756 1565 791 20,
1593 757 1644 791 14,
1679 755 1727 785 16.
1779 756 1879 793 Apud

1115 805 1270 834 Hebraeos
1291 806 1436 844 quaedam
1451 806 1548 844 regiae
1564 805 1717 844 potestati
1741 809 1878 838 exemta.

1113 855 1134 884 i.
1151 857 1179 892 3,
1195 857 1242 891 20,
1259 857 1276 884 2

1075 905 1193 934 Jurans
1217 915 1279 933 non
1304 906 1452 935 daturum
1468 915 1513 940 se,
1533 908 1641 944 potest
1654 905 1877 943 repetitionem

1114 955 1216 993 erepti
1232 956 1389 984 omittere.
1421 956 1453 984 ii.
1472 958 1518 991 13,
1533 957 1562 984 5.
1605 955 1751 984 Praedoni
1766 955 1875 983 datum

1113 1013 1176 1033 non
1192 1008 1279 1033 recte
1294 1005 1420 1042 repetit.
1453 1005 1484 1033 ii.
1502 1006 1548 1040 13,
1564 1006 1612 1042 15,
1627 1006 1656 1033 3.
1699 1004 1816 1033 Redire
1836 1004 1878 1033 ad

1113 1054 1247 1090 hostem,
1262 1053 1287 1082 si
1300 1054 1380 1082 clam
1392 1054 1503 1083 redeat
1517 1063 1579 1082 non
1595 1054 1758 1083 satisfacit.
1780 1053 1811 1083 ii.
1827 1055 1878 1088 13,

1112 1105 1162 1138 15,
1191 1106 1218 1133 3.
1262 1104 1404 1133 Tenetur
1432 1114 1470 1133 ex
1500 1104 1605 1133 animo
1634 1104 1753 1142 jurare,
1781 1107 1814 1132 et
1843 1112 1877 1132 re

1112 1153 1245 1191 implere
1260 1154 1345 1191 quod
1355 1153 1484 1191 juravit.
1520 1154 1550 1183 ii.
1576 1155 1624 1191 13,
1648 1155 1675 1189 2,
1689 1153 1716 1182 ὅτι
1739 1154 1767 1188 1,
1782 1154 1832 1188 13,
1846 1154 1875 1182 2.

1115 1202 1251 1237 Quando
1267 1203 1337 1231 Deo
1351 1206 1477 1232 tantum
1501 1203 1674 1241 obligetur,
1698 1203 1826 1241 quando
1841 1205 1875 1231 et

1109 1251 1238 1281 homini.
1269 1252 1301 1280 ii.
1318 1254 1366 1288 13,
1382 1254 1428 1281 14.
1472 1252 1544 1281 Non
1566 1255 1704 1287 tenetur,
1726 1251 1752 1280 si
1775 1251 1802 1280 is
1824 1251 1875 1280 cui

1107 1301 1251 1339 juratum
1268 1305 1315 1330 est
1329 1311 1400 1330 eum
1416 1302 1539 1330 liberet.
1561 1302 1594 1331 ii.
1610 1303 1713 1337 13,18.
1736 1301 1875 1339 Implere

1112 1351 1208 1379 debet
1222 1354 1421 1379 contractum
1437 1351 1487 1380 cui
1505 1351 1588 1380 inest
1607 1350 1818 1388 inaequalitas.
1840 1350 1873 1379 ii.

1112 1402 1160 1437 13,
1178 1401 1224 1437 16,
1246 1402 1274 1429 2.
1317 1401 1504 1430 Deliberato
1525 1402 1631 1430 animo
1652 1411 1684 1431 se
1705 1411 1769 1430 non
1791 1401 1872 1430 obli-

1111 1451 1218 1488 gandi,
1233 1454 1340 1480 tamen
1356 1451 1527 1489 obligatur.
1548 1451 1581 1480 ii.
1597 1452 1643 1487 13,
1657 1453 1677 1480 3

1071 1498 1219 1528 Jurantis
1233 1500 1329 1528 verba
1351 1509 1414 1537 quo
1434 1500 1529 1529 modo
1551 1500 1747 1539 accipienda.
1776 1500 1808 1531 ii.
1825 1502 1874 1537 13,

1110 1552 1139 1586 2,
1152 1549 1178 1579 ἂι
1195 1552 1223 1586 3,
1236 1552 1263 1586 1,
1279 1552 1297 1578 2

1070 1598 1092 1630 J
1094 1609 1186 1629 urare
1202 1601 1310 1629 volens
1320 1600 1491 1638 obligatur,
1505 1600 1564 1629 etsi
1575 1600 1718 1638 obligare
1732 1610 1766 1630 se
1781 1601 1871 1631 nolit.

1110 1649 1142 1677 ii.
1162 1651 1209 1686 13,
1224 1651 1243 1678 2

1071 1698 1200 1728 «Iuravit
1214 1700 1342 1729 Paulus.
1363 1700 1396 1730 ii.
1413 1701 1440 1737 3,
1456 1701 1504 1736 21,
1519 1702 1534 1729 1

1070 1746 1296 1778 Juramentum
1321 1759 1378 1787 per
1401 1755 1571 1788 sceptrum,
1599 1751 1745 1788 salutem,
1771 1755 1804 1782 et
1830 1753 1872 1782 si·-

1110 1798 1206 1828 milia.
1231 1799 1264 1828 ii.
1280 1801 1327 1836 13,
1344 1802 1391 1836 11,
1407 1802 1434 1829 1.
1477 1800 1539 1829 Per
1554 1801 1687 1830 salutem
1705 1802 1871 1840 Principis,

1110 1851 1142 1876 et
1169 1848 1368 1886 majestatem
1392 1850 1608 1887 ImperatoriS.
1643 1850 1675 1879 ii.
1699 1852 1746 1888 13,
1770 1854 1817 1888 11,
1840 1854 1869 1882 2.

1109 1897 1172 1926 Per
1195 1898 1281 1927 Deos
1307 1899 1404 1928 falsos
1429 1908 1469 1927 an
1494 1899 1626 1938 obliget.
1660 1900 1692 1930 ii.
1716 1902 1763 1937 13,
1788 1904 1817 1938 2,
1839 1905 1869 1933 1.

1108 1947 1225 1976 Piratae
1249 1951 1304 1977 aut
1323 1951 1457 1986 tyranno
1482 1949 1659 1987 praestitum
1683 1951 1814 1990 obligat.
1835 1953 1867 1982 ii.

1109 1998 1155 2032 13,
1172 1999 1219 2033 15,
1234 1999 1267 2034 23
1289 1998 1333 2027 iii.
1350 1998 1396 2034 19,
1411 2000 1439 2034 2,
1456 2000 1483 2027 1.
1508 1999 1599 2027 Metu
1614 2002 1772 2028 extortum
1788 2002 1869 2030 obli.

1107 2048 1183 2083 gat:
1205 2050 1237 2074 et
1252 2049 1418 2084 quatenus.
1441 2047 1530 2081 ii.13,
1542 2049 1588 2076 14.
1611 2047 1743 2085 Perjuro
1758 2049 1867 2079 datum

1107 2105 1147 2123 an
1163 2096 1293 2134 obliget.
1315 2096 1346 2125 ii.
1362 2098 1409 2132 13,
1425 2096 1474 2132 16,
1486 2099 1513 2126 1.
1556 2098 1618 2126 Per
1627 2107 1676 2127 res
1691 2102 1812 2128 creatas
1826 2109 1868 2129 an

1106 2144 1238 2180 licitum,
1253 2148 1285 2173 et
1297 2154 1359 2183 quo
1371 2154 1476 2174 sensu.
1497 2145 1527 2175 ii.
1545 2148 1591 2182 13,
1603 2148 1649 2183 11,
1663 2149 1692 2181 1,
1706 2147 1733 2176 ὅτι
1747 2150 1794 2178 12.
1815 2149 1867 2178 De

1106 2202 1140 2222 re
1154 2193 1340 2232 impossibili
1356 2195 1433 2223 nihil
1453 2198 1615 2233 operatur.
1636 2196 1666 2226 ii.
1683 2198 1730 2232 13,
1745 2199 1773 2227 8.
1815 2198 1866 2228 De

1106 2252 1140 2272 re
1162 2252 1221 2281 pro
1240 2246 1383 2281 tempore
1402 2244 1588 2282 impossibili
1607 2245 1683 2283 quid
1705 2250 1865 2284 operetur.

1106 2292 1137 2320 ii.
1154 2293 1203 2328 13,
1216 2292 1244 2322 9.
1287 2293 1468 2330 Impediens
1482 2293 1583 2331 majus
1601 2294 1719 2323 bonum
1736 2297 1867 2333 morale,

1106 2351 1170 2370 non
1200 2342 1295 2371 valet.
1330 2343 1361 2371 ii.
1392 2344 1438 2379 13,
1463 2343 1492 2379 7,
1522 2344 1548 2372 1.
1591 2343 1766 2381 Violatum,
1795 2345 1866 2375 vide

1106 2391 1293 2429 Perjurium.
1316 2391 1348 2420 ii.
1365 2393 1411 2427 13,
1426 2394 1454 2427 1,
1467 2394 1496 2421 2.
1541 2392 1709 2426 Quomodo
1733 2403 1772 2423 ex
1793 2395 1866 2434 lege

1105 2439 1192 2468 actui
1215 2439 1352 2468 invalido
1375 2440 1570 2469 validitatem
1595 2442 1748 2471 conferat.
1769 2443 1802 2471 ii.
1817 2445 1866 2480 13,

1105 2488 1156 2521 20,
1172 2488 1204 2516 4.
1245 2486 1296 2515 De
1323 2495 1356 2515 re
1380 2487 1492 2516 illicita
1514 2497 1577 2516 non
1601 2488 1696 2518 valet.
1725 2490 1756 2519 ii.
1772 2491 1819 2526 13,
1834 2491 1863 2521 6.

1105 2536 1178 2565 Non
1195 2537 1429 2566 extendendum
1444 2538 1529 2566 ultra
1543 2542 1726 2567 consuetam
1742 2539 1864 2578 signifi-

1105 2586 1270 2615 cationem.
1291 2586 1321 2615 ii.
1338 2588 1385 2624 13,
1400 2587 1430 2615 5.
1471 2587 1571 2625 Regis
1582 2588 1706 2617 irritum
1722 2598 1789 2618 esse
1804 2598 1864 2627 po-

1104 2638 1168 2664 test
1182 2637 1223 2664 ob
1236 2638 1340 2665 actum
1356 2636 1453 2674 ipsius
1464 2637 1704 2674 praecedentem,
1726 2638 1757 2668 ii.
1773 2641 1823 2675 14,
1834 2641 1863 2670 3.

1103 2686 1189 2714 Dolo
1204 2685 1342 2714 elicitum
1358 2695 1452 2723 quam
1463 2687 1524 2715 vim
1540 2687 1666 2716 habeat.
1687 2688 1720 2717 ii.
1732 2690 1781 2724 23,
1791 2691 1821 2727 4,
1834 2691 1858 2720 1.

1104 2735 1178 2763 Non
1202 2735 1445 2773 intelligendum
1468 2736 1526 2764 sub
1551 2736 1732 2766 conditione
1756 2739 1862 2769 tacita.

1103 2785 1135 2814 ii.
1153 2786 1200 2820 13,
1215 2786 1255 2813 33

1064 2834 1245 2864 Juramenti
1259 2834 1370 2863 forma.
1393 2834 1425 2864 ii.
1443 2836 1492 2871 12,
1509 2836 1555 2864 10.
1597 2835 1750 2866 Effectus.
1770 2837 1801 2867 ii.
1814 2838 1862 2874 13,

1104 2885 1151 2919 13,
1166 2886 1199 2911 et
1214 2892 1302 2921 seqq.
1343 2884 1492 2913 Efficacia
1513 2887 1670 2922 quatenus
1688 2886 1826 2923 pendeat
1843 2895 1863 2924 a

1103 2933 1274 2970 superiore.
1295 2933 1326 2965 ii.
1343 2935 1390 2971 13,
1405 2935 1453 2964 20.
1494 2934 1553 2964 Vis
1575 2937 1608 2964 et
1629 2935 1860 2974 interpretatio.
