<?xml version="1.0" encoding="UTF-8"?>
<!DOCTYPE html PUBLIC "-//W3C//DTD XHTML 1.0 Transitional//EN"
    "http://www.w3.org/TR/xhtml1/DTD/xhtml1-transitional.dtd">
<html xmlns="http://www.w3.org/1999/xhtml" xml:lang="en" lang="en">
 <head>
  <title>
</title>
<meta http-equiv="Content-Type" content="text/html;charset=utf-8" />
  <meta name='ocr-system' content='tesseract 3.04.00' />
  <meta name='ocr-capabilities' content='ocr_page ocr_carea ocr_par ocr_line ocrx_word'/>
</head>
<body>
  <div class='ocr_page' id='page_1' title='image "./dejurebellietpac03grotuoft_0058.png"; bbox 0 0 1971 3326; ppageno 0'>
   <div class='ocr_carea' id='block_1_1' title="bbox 666 178 1522 226">
    <p class='ocr_par' dir='ltr' id='par_1_1' title="bbox 666 178 1522 226">
     <span class='ocr_line' id='line_1_1' title="bbox 666 178 1522 226; baseline -0.008 -6"><span class='ocrx_word' id='word_1_1' title='bbox 666 183 921 226; x_wconf 81' lang='lat' dir='ltr'><strong>QUOMODO</strong></span> <span class='ocrx_word' id='word_1_2' title='bbox 951 182 1081 218; x_wconf 80' lang='lat' dir='ltr'><strong>JURE</strong></span> <span class='ocrx_word' id='word_1_3' title='bbox 1114 180 1352 215; x_wconf 84' lang='lat' dir='ltr'>GENTIUM</span> <span class='ocrx_word' id='word_1_4' title='bbox 1381 178 1522 214; x_wconf 84' lang='lat' dir='ltr'><strong>BONA</strong></span> 
     </span>
    </p>
   </div>
   <div class='ocr_carea' id='block_1_2' title="bbox 360 175 1825 221">
    <p class='ocr_par' dir='ltr' id='par_1_2' title="bbox 360 175 1825 221">
     <span class='ocr_line' id='line_1_2' title="bbox 360 175 1825 221; baseline -0.008 0"><span class='ocrx_word' id='word_1_5' title='bbox 360 181 415 221; x_wconf 79' lang='lat'>48</span> <span class='ocrx_word' id='word_1_6' title='bbox 1644 175 1739 220; x_wconf 76' lang='lat' dir='ltr'>[Lm.</span> <span class='ocrx_word' id='word_1_7' title='bbox 1755 176 1825 210; x_wconf 87' lang='grc' dir='ltr'><strong>ΙΙΙ.</strong></span> 
     </span>
    </p>
   </div>
   <div class='ocr_carea' id='block_1_3' title="bbox 142 288 1832 1281">
    <p class='ocr_par' dir='ltr' id='par_1_3' title="bbox 360 288 1828 472">
     <span class='ocr_line' id='line_1_3' title="bbox 362 288 1828 353; baseline -0.006 -16"><span class='ocrx_word' id='word_1_8' title='bbox 362 294 521 353; x_wconf 82' lang='lat' dir='ltr'>Tyrius</span> <span class='ocrx_word' id='word_1_9' title='bbox 544 300 773 351; x_wconf 84' lang='lat' dir='ltr'>caperetur,</span> <span class='ocrx_word' id='word_1_10' title='bbox 798 293 875 335; x_wconf 86' lang='lat' dir='ltr'>hae</span> <span class='ocrx_word' id='word_1_11' title='bbox 898 291 1041 334; x_wconf 87' lang='lat' dir='ltr'>addita</span> <span class='ocrx_word' id='word_1_12' title='bbox 1064 304 1211 332; x_wconf 87' lang='lat' dir='ltr'>eausa:</span> <span class='ocrx_word' id='word_1_13' title='bbox 1248 290 1362 331; x_wconf 80' lang='lat' dir='ltr'>idem</span> <span class='ocrx_word' id='word_1_14' title='bbox 1394 288 1828 343; x_wconf 65' lang='lat' dir='ltr'>Carthaqiniensibus</span> 
     </span>
     <span class='ocr_line' id='line_1_4' title="bbox 361 356 1825 417; baseline -0.008 -11"><span class='ocrx_word' id='word_1_15' title='bbox 361 371 401 406; x_wconf 77' lang='lat' dir='ltr'>et</span> <span class='ocrx_word' id='word_1_16' title='bbox 435 363 546 417; x_wconf 74' lang='lat' dir='ltr'>Tyri</span> <span class='ocrx_word' id='word_1_17' title='bbox 574 370 613 404; x_wconf 78' lang='lat' dir='ltr'>et</span> <span class='ocrx_word' id='word_1_18' title='bbox 644 363 691 403; x_wconf 76' lang='lat' dir='ltr'>in</span> <span class='ocrx_word' id='word_1_19' title='bbox 720 361 826 402; x_wconf 76' lang='lat' dir='ltr'>aliis</span> <span class='ocrx_word' id='word_1_20' title='bbox 856 359 1070 414; x_wconf 76' lang='lat' dir='ltr'>emporiis,</span> <span class='ocrx_word' id='word_1_21' title='bbox 1104 357 1151 398; x_wconf 77' lang='lat' dir='ltr'>in</span> <span class='ocrx_word' id='word_1_22' title='bbox 1182 370 1275 411; x_wconf 73' lang='lat' dir='ltr'>quoe</span> <span class='ocrx_word' id='word_1_23' title='bbox 1297 356 1551 410; x_wconf 72' lang='lat' dir='ltr'>frequenter</span> <span class='ocrx_word' id='word_1_24' title='bbox 1587 361 1825 403; x_wconf 77' lang='lat' dir='ltr'><em>commeent,</em></span> 
     </span>
     <span class='ocr_line' id='line_1_5' title="bbox 360 437 617 472; baseline -0.012 0"><span class='ocrx_word' id='word_1_25' title='bbox 360 437 617 472; x_wconf 74' lang='lat' dir='ltr'>eventurum.</span> 
     </span>
    </p>

    <p class='ocr_par' dir='ltr' id='par_1_4' title="bbox 360 483 1828 616">
     <span class='ocr_line' id='line_1_6' title="bbox 462 483 1826 548; baseline -0.004 -12"><span class='ocrx_word' id='word_1_26' title='bbox 462 495 537 538; x_wconf 88' lang='lat' dir='ltr'>IV.</span> <span class='ocrx_word' id='word_1_27' title='bbox 597 493 695 535; x_wconf 90' lang='lat' dir='ltr'>Alia</span> <span class='ocrx_word' id='word_1_28' title='bbox 726 489 975 533; x_wconf 76' lang='lat' dir='ltr'>executionis</span> <span class='ocrx_word' id='word_1_29' title='bbox 999 487 1189 530; x_wconf 79' lang='lat' dir='ltr'>violentae</span> <span class='ocrx_word' id='word_1_30' title='bbox 1224 486 1378 543; x_wconf 87' lang='lat' dir='ltr'>species</span> <span class='ocrx_word' id='word_1_31' title='bbox 1414 490 1476 528; x_wconf 85' lang='lat' dir='ltr'>est</span> <span class='ocrx_word' id='word_1_32' title='bbox 1511 483 1826 548; x_wconf 72' lang='grc' dir='ltr'>ἐνεχυριασμδς</span> 
     </span>
     <span class='ocr_line' id='line_1_7' title="bbox 360 552 1828 616; baseline -0.007 -13"><span class='ocrx_word' id='word_1_33' title='bbox 360 561 447 604; x_wconf 87' lang='lat' dir='ltr'>sive</span> <span class='ocrx_word' id='word_1_34' title='bbox 485 560 754 616; x_wconf 64' lang='lat' dir='ltr'>epiynoratio</span> <span class='ocrx_word' id='word_1_35' title='bbox 795 559 907 599; x_wconf 73' lang='lat' dir='ltr'>inter</span> <span class='ocrx_word' id='word_1_36' title='bbox 944 556 1130 611; x_wconf 76' lang='lat' dir='ltr'>populos</span> <span class='ocrx_word' id='word_1_37' title='bbox 1170 555 1371 604; x_wconf 76' lang='lat' dir='ltr'>diversos,</span> <span class='ocrx_word' id='word_1_38' title='bbox 1419 552 1529 608; x_wconf 87' lang='lat' dir='ltr'>quod</span> <span class='ocrx_word' id='word_1_39' title='bbox 1558 552 1627 608; x_wconf 85' lang='lat' dir='ltr'>jus</span> <span class='ocrx_word' id='word_1_40' title='bbox 1668 567 1828 608; x_wconf 86' lang='lat' dir='ltr'>repres-</span> 
     </span>
    </p>

    <p class='ocr_par' dir='ltr' id='par_1_5' title="bbox 143 618 1829 692">
     <span class='ocr_line' id='line_1_8' title="bbox 143 618 1829 692; baseline -0.007 -21"><span class='ocrx_word' id='word_1_41' title='bbox 143 637 340 692; x_wconf 41' lang='grc' dir='ltr'>ξῧῆῐ-Βῐὲῑῑῑήοὲξε·</span> <span class='ocrx_word' id='word_1_42' title='bbox 361 627 554 669; x_wconf 87' lang='lat' dir='ltr'>saliarum</span> <span class='ocrx_word' id='word_1_43' title='bbox 592 629 741 667; x_wconf 86' lang='lat' dir='ltr'>vocant</span> <span class='ocrx_word' id='word_1_44' title='bbox 778 621 1027 665; x_wconf 82' lang='lat' dir='ltr'>recentiores</span> <span class='ocrx_word' id='word_1_45' title='bbox 1064 619 1358 677; x_wconf 83' lang='lat' dir='ltr'>jurisconsulti,</span> <span class='ocrx_word' id='word_1_46' title='bbox 1393 619 1576 661; x_wconf 82' lang='lat' dir='ltr'>Saxones</span> <span class='ocrx_word' id='word_1_47' title='bbox 1618 624 1660 661; x_wconf 84' lang='lat' dir='ltr'>et</span> <span class='ocrx_word' id='word_1_48' title='bbox 1702 618 1829 676; x_wconf 82' lang='lat' dir='ltr'>Angli</span> 
     </span>
    </p>

    <p class='ocr_par' dir='ltr' id='par_1_6' title="bbox 142 684 1827 882">
     <span class='ocr_line' id='line_1_9' title="bbox 142 684 1827 754; baseline -0.007 -17"><span class='ocrx_word' id='word_1_49' title='bbox 142 688 342 754; x_wconf 43' lang='lat'>22523&#39;2-‘3&#39;15-95·</span> <span class='ocrx_word' id='word_1_50' title='bbox 362 691 720 740; x_wconf 88' lang='lat' dir='ltr'>Withernamium,</span> <span class='ocrx_word' id='word_1_51' title='bbox 757 695 799 732; x_wconf 89' lang='lat' dir='ltr'>et</span> <span class='ocrx_word' id='word_1_52' title='bbox 823 688 934 731; x_wconf 85' lang='lat' dir='ltr'>Galli</span> <span class='ocrx_word' id='word_1_53' title='bbox 957 687 1093 737; x_wconf 85' lang='lat' dir='ltr'>etiam,</span> <span class='ocrx_word' id='word_1_54' title='bbox 1129 686 1199 728; x_wconf 88' lang='lat' dir='ltr'>ubi</span> <span class='ocrx_word' id='word_1_55' title='bbox 1223 700 1249 728; x_wconf 87' lang='lat' dir='ltr'>a</span> <span class='ocrx_word' id='word_1_56' title='bbox 1271 700 1371 743; x_wconf 87' lang='lat' dir='ltr'>rege</span> <span class='ocrx_word' id='word_1_57' title='bbox 1402 684 1616 741; x_wconf 89' lang='lat' dir='ltr'>impetrari</span> <span class='ocrx_word' id='word_1_58' title='bbox 1639 684 1682 726; x_wconf 88' lang='lat' dir='ltr'>id</span> <span class='ocrx_word' id='word_1_59' title='bbox 1712 684 1827 734; x_wconf 87' lang='lat' dir='ltr'>solet,</span> 
     </span>
     <span class='ocr_line' id='line_1_10' title="bbox 359 750 1827 808; baseline -0.007 -6"><span class='ocrx_word' id='word_1_60' title='bbox 359 760 502 802; x_wconf 87' lang='lat' dir='ltr'>literas</span> <span class='ocrx_word' id='word_1_61' title='bbox 533 759 701 800; x_wconf 85' lang='lat' dir='ltr'>Marcae.</span> <span class='ocrx_word' id='word_1_62' title='bbox 771 757 925 798; x_wconf 81' lang='lat' dir='ltr'>Locum</span> <span class='ocrx_word' id='word_1_63' title='bbox 959 759 1096 797; x_wconf 87' lang='lat' dir='ltr'>autem</span> <span class='ocrx_word' id='word_1_64' title='bbox 1131 753 1271 803; x_wconf 88' lang='lat' dir='ltr'>habet,</span> <span class='ocrx_word' id='word_1_65' title='bbox 1307 758 1354 795; x_wconf 91' lang='lat' dir='ltr'>ut</span> <span class='ocrx_word' id='word_1_66' title='bbox 1393 751 1509 794; x_wconf 86' lang='lat' dir='ltr'>aiunt</span> <span class='ocrx_word' id='word_1_67' title='bbox 1534 750 1827 808; x_wconf 83' lang='lat' dir='ltr'>jurisconsulti,</span> 
     </span>
     <span class='ocr_line' id='line_1_11' title="bbox 360 825 784 882; baseline -0.007 -13"><span class='ocrx_word' id='word_1_68' title='bbox 360 826 432 869; x_wconf 89' lang='lat' dir='ltr'>ubi</span> <span class='ocrx_word' id='word_1_69' title='bbox 449 825 518 882; x_wconf 86' lang='lat' dir='ltr'>jus</span> <span class='ocrx_word' id='word_1_70' title='bbox 541 825 784 882; x_wconf 88' lang='lat' dir='ltr'>denegatur.</span> 
     </span>
    </p>

    <p class='ocr_par' dir='ltr' id='par_1_7' title="bbox 357 883 1832 1281">
     <span class='ocr_line' id='line_1_12' title="bbox 464 883 1830 944; baseline -0.007 -9"><span class='ocrx_word' id='word_1_71' title='bbox 464 894 516 935; x_wconf 78' lang='lat' dir='ltr'>V,</span> <span class='ocrx_word' id='word_1_72' title='bbox 578 893 601 933; x_wconf 94' lang='grc'>1</span> <span class='ocrx_word' id='word_1_73' title='bbox 650 890 771 941; x_wconf 78' lang='lat' dir='ltr'>Quod</span> <span class='ocrx_word' id='word_1_74' title='bbox 792 888 881 931; x_wconf 88' lang='lat' dir='ltr'>fieri</span> <span class='ocrx_word' id='word_1_75' title='bbox 904 886 1158 944; x_wconf 78' lang='lat' dir='ltr'>intelligitur,</span> <span class='ocrx_word' id='word_1_76' title='bbox 1183 901 1265 928; x_wconf 88' lang='lat' dir='ltr'>non</span> <span class='ocrx_word' id='word_1_77' title='bbox 1283 891 1442 928; x_wconf 88' lang='lat' dir='ltr'>tantum</span> <span class='ocrx_word' id='word_1_78' title='bbox 1467 884 1500 926; x_wconf 90' lang='lat' dir='ltr'>si</span> <span class='ocrx_word' id='word_1_79' title='bbox 1521 883 1562 926; x_wconf 89' lang='lat' dir='ltr'>in</span> <span class='ocrx_word' id='word_1_80' title='bbox 1581 890 1738 927; x_wconf 81' lang='lat' dir='ltr'>sontem</span> <span class='ocrx_word' id='word_1_81' title='bbox 1757 888 1830 926; x_wconf 86' lang='lat' dir='ltr'>aut</span> 
     </span>
     <span class='ocr_line' id='line_1_13' title="bbox 363 951 1828 1014; baseline -0.008 -12"><span class='ocrx_word' id='word_1_82' title='bbox 363 959 592 1003; x_wconf 79' lang='lat' dir='ltr'>debitorem</span> <span class='ocrx_word' id='word_1_83' title='bbox 623 956 820 1014; x_wconf 86' lang='lat' dir='ltr'>judicium</span> <span class='ocrx_word' id='word_1_84' title='bbox 856 955 969 997; x_wconf 89' lang='lat' dir='ltr'>intra</span> <span class='ocrx_word' id='word_1_85' title='bbox 999 960 1160 1009; x_wconf 84' lang='lat' dir='ltr'>tempus</span> <span class='ocrx_word' id='word_1_86' title='bbox 1199 953 1389 994; x_wconf 90' lang='lat' dir='ltr'>idoneum</span> <span class='ocrx_word' id='word_1_87' title='bbox 1431 951 1607 993; x_wconf 81' lang='lat' dir='ltr'>obtineri</span> <span class='ocrx_word' id='word_1_88' title='bbox 1638 955 1828 1007; x_wconf 85' lang='lat' dir='ltr'>nequeat,</span> 
     </span>
     <span class='ocr_line' id='line_1_14' title="bbox 362 1017 1830 1074; baseline -0.008 -5"><span class='ocrx_word' id='word_1_89' title='bbox 362 1041 506 1069; x_wconf 82' lang='lat' dir='ltr'>verum</span> <span class='ocrx_word' id='word_1_90' title='bbox 528 1025 650 1067; x_wconf 88' lang='lat' dir='ltr'>etiam</span> <span class='ocrx_word' id='word_1_91' title='bbox 674 1023 708 1066; x_wconf 88' lang='lat' dir='ltr'>si</span> <span class='ocrx_word' id='word_1_92' title='bbox 732 1023 774 1064; x_wconf 91' lang='lat' dir='ltr'>in</span> <span class='ocrx_word' id='word_1_93' title='bbox 802 1037 849 1064; x_wconf 89' lang='lat' dir='ltr'>re</span> <span class='ocrx_word' id='word_1_94' title='bbox 873 1020 1037 1062; x_wconf 88' lang='lat' dir='ltr'>minime</span> <span class='ocrx_word' id='word_1_95' title='bbox 1061 1019 1186 1062; x_wconf 91' lang='lat' dir='ltr'>dubia</span> <span class='ocrx_word' id='word_1_96' title='bbox 1208 1020 1319 1074; x_wconf 84' lang='lat' dir='ltr'>(nam</span> <span class='ocrx_word' id='word_1_97' title='bbox 1347 1018 1389 1059; x_wconf 91' lang='lat' dir='ltr'>in</span> <span class='ocrx_word' id='word_1_98' title='bbox 1413 1017 1536 1060; x_wconf 90' lang='lat' dir='ltr'>dubia</span> <span class='ocrx_word' id='word_1_99' title='bbox 1558 1032 1604 1059; x_wconf 90' lang='lat' dir='ltr'>re</span> <span class='ocrx_word' id='word_1_100' title='bbox 1634 1031 1830 1073; x_wconf 85' lang='lat' dir='ltr'>praesum-</span> 
     </span>
     <span class='ocr_line' id='line_1_15' title="bbox 363 1083 1831 1147; baseline -0.007 -12"><span class='ocrx_word' id='word_1_101' title='bbox 363 1093 421 1135; x_wconf 89' lang='lat' dir='ltr'>tio</span> <span class='ocrx_word' id='word_1_102' title='bbox 446 1097 509 1134; x_wconf 88' lang='lat' dir='ltr'>est</span> <span class='ocrx_word' id='word_1_103' title='bbox 531 1106 606 1147; x_wconf 92' lang='lat' dir='ltr'>pro</span> <span class='ocrx_word' id='word_1_104' title='bbox 629 1090 693 1132; x_wconf 87' lang='lat' dir='ltr'>his</span> <span class='ocrx_word' id='word_1_105' title='bbox 722 1089 791 1146; x_wconf 88' lang='lat' dir='ltr'>qui</span> <span class='ocrx_word' id='word_1_106' title='bbox 814 1088 866 1130; x_wconf 91' lang='lat' dir='ltr'>ad</span> <span class='ocrx_word' id='word_1_107' title='bbox 892 1087 1048 1143; x_wconf 82' lang='lat' dir='ltr'>judicia</span> <span class='ocrx_word' id='word_1_108' title='bbox 1071 1086 1230 1142; x_wconf 84' lang='lat' dir='ltr'>publice</span> <span class='ocrx_word' id='word_1_109' title='bbox 1262 1084 1382 1126; x_wconf 81' lang='lat' dir='ltr'>electi</span> <span class='ocrx_word' id='word_1_110' title='bbox 1406 1085 1517 1138; x_wconf 89' lang='lat' dir='ltr'>sunt)</span> <span class='ocrx_word' id='word_1_111' title='bbox 1542 1083 1661 1139; x_wconf 91' lang='lat' dir='ltr'>plane</span> <span class='ocrx_word' id='word_1_112' title='bbox 1686 1089 1831 1125; x_wconf 86' lang='lat' dir='ltr'>eontra</span> 
     </span>
     <span class='ocr_line' id='line_1_16' title="bbox 357 1149 1831 1216; baseline -0.008 -15"><span class='ocrx_word' id='word_1_113' title='bbox 357 1159 427 1216; x_wconf 85' lang='lat' dir='ltr'>jus</span> <span class='ocrx_word' id='word_1_114' title='bbox 453 1158 680 1215; x_wconf 84' lang='lat' dir='ltr'>judicatum</span> <span class='ocrx_word' id='word_1_115' title='bbox 709 1156 786 1198; x_wconf 89' lang='lat' dir='ltr'>sit:</span> <span class='ocrx_word' id='word_1_116' title='bbox 819 1169 913 1196; x_wconf 89' lang='lat' dir='ltr'>nam</span> <span class='ocrx_word' id='word_1_117' title='bbox 945 1152 1167 1195; x_wconf 84' lang='lat' dir='ltr'>auotoritas</span> <span class='ocrx_word' id='word_1_118' title='bbox 1196 1151 1418 1208; x_wconf 84' lang='lat' dir='ltr'>judicantis</span> <span class='ocrx_word' id='word_1_119' title='bbox 1449 1164 1530 1191; x_wconf 90' lang='lat' dir='ltr'>non</span> <span class='ocrx_word' id='word_1_120' title='bbox 1553 1149 1661 1191; x_wconf 90' lang='lat' dir='ltr'>idem</span> <span class='ocrx_word' id='word_1_121' title='bbox 1685 1149 1726 1190; x_wconf 89' lang='lat' dir='ltr'>in</span> <span class='ocrx_word' id='word_1_122' title='bbox 1762 1163 1831 1190; x_wconf 86' lang='lat' dir='ltr'>ex-</span> 
     </span>
     <span class='ocr_line' id='line_1_17' title="bbox 364 1214 1832 1281; baseline -0.007 -14"><span class='ocrx_word' id='word_1_123' title='bbox 364 1232 488 1274; x_wconf 88' lang='lat' dir='ltr'>teros,</span> <span class='ocrx_word' id='word_1_124' title='bbox 513 1224 623 1281; x_wconf 89' lang='lat' dir='ltr'>quod</span> <span class='ocrx_word' id='word_1_125' title='bbox 646 1223 688 1265; x_wconf 91' lang='lat' dir='ltr'>in</span> <span class='ocrx_word' id='word_1_126' title='bbox 712 1221 896 1264; x_wconf 88' lang='lat' dir='ltr'>subditos</span> <span class='ocrx_word' id='word_1_127' title='bbox 918 1220 1040 1263; x_wconf 85' lang='lat' dir='ltr'>valet.</span> <span class='ocrx_word' id='word_1_128' title='bbox 1111 1218 1251 1261; x_wconf 88' lang='lat' dir='ltr'>Etiam</span> <span class='ocrx_word' id='word_1_129' title='bbox 1275 1217 1383 1259; x_wconf 89' lang='lat' dir='ltr'>inter</span> <span class='ocrx_word' id='word_1_130' title='bbox 1412 1216 1596 1258; x_wconf 88' lang='lat' dir='ltr'>subditos</span> <span class='ocrx_word' id='word_1_131' title='bbox 1618 1230 1701 1257; x_wconf 89' lang='lat' dir='ltr'>non</span> <span class='ocrx_word' id='word_1_132' title='bbox 1724 1214 1832 1257; x_wconf 86' lang='lat' dir='ltr'>tollit</span> 
     </span>
    </p>
   </div>
   <div class='ocr_carea' id='block_1_4' title="bbox 363 1283 1830 1348">
    <p class='ocr_par' dir='ltr' id='par_1_8' title="bbox 363 1283 1830 1348">
     <span class='ocr_line' id='line_1_18' title="bbox 363 1283 1830 1348; baseline -0.008 -13"><span class='ocrx_word' id='word_1_133' title='bbox 363 1292 473 1348; x_wconf 90' lang='lat' dir='ltr'>quod</span> <span class='ocrx_word' id='word_1_134' title='bbox 511 1305 609 1334; x_wconf 88' lang='lat' dir='ltr'>vere</span> <span class='ocrx_word' id='word_1_135' title='bbox 646 1289 887 1332; x_wconf 76' lang='lat' dir='ltr'>debebatur.</span> <span class='ocrx_word' id='word_1_136' title='bbox 978 1288 1110 1328; x_wconf 78' lang='lat' dir='ltr'>Verus</span> <span class='ocrx_word' id='word_1_137' title='bbox 1146 1286 1325 1334; x_wconf 73' lang='lat' dir='ltr'>debitor,</span> <span class='ocrx_word' id='word_1_138' title='bbox 1366 1285 1463 1326; x_wconf 78' lang='lat' dir='ltr'>licet</span> <span class='ocrx_word' id='word_1_139' title='bbox 1500 1283 1720 1325; x_wconf 76' lang='lat' dir='ltr'>absolutus</span> <span class='ocrx_word' id='word_1_140' title='bbox 1759 1283 1830 1330; x_wconf 80' lang='lat' dir='ltr'>sit,</span> 
     </span>
    </p>
   </div>
   <div class='ocr_carea' id='block_1_5' title="bbox 422 1408 1772 1457">
    <p class='ocr_par' dir='ltr' id='par_1_9' title="bbox 422 1408 1772 1457">
     <span class='ocr_line' id='line_1_19' title="bbox 422 1408 1772 1457; baseline -0.007 -9"><span class='ocrx_word' id='word_1_141' title='bbox 422 1425 436 1440; x_wconf 68' lang='grc' dir='ltr'><strong>Θ</strong></span> <span class='ocrx_word' id='word_1_142' title='bbox 456 1417 646 1457; x_wconf 72' lang='lat' dir='ltr'>Piqnoratio</span> <span class='ocrx_word' id='word_1_143' title='bbox 662 1416 742 1445; x_wconf 73' lang='lat' dir='ltr'>inter</span> <span class='ocrx_word' id='word_1_144' title='bbox 754 1413 890 1453; x_wconf 80' lang='lat' dir='ltr'>populos</span> <span class='ocrx_word' id='word_1_145' title='bbox 909 1411 1061 1449; x_wconf 77' lang='lat' dir='ltr'>diversos]</span> <span class='ocrx_word' id='word_1_146' title='bbox 1131 1412 1227 1440; x_wconf 89' lang='lat' dir='ltr'>dubio</span> <span class='ocrx_word' id='word_1_147' title='bbox 1243 1414 1337 1440; x_wconf 80' lang='lat' dir='ltr'>natus</span> <span class='ocrx_word' id='word_1_148' title='bbox 1353 1420 1440 1440; x_wconf 87' lang='lat' dir='ltr'>error</span> <span class='ocrx_word' id='word_1_149' title='bbox 1454 1410 1617 1440; x_wconf 78' lang='lat' dir='ltr'>Auctoris.</span> <span class='ocrx_word' id='word_1_150' title='bbox 1659 1409 1696 1439; x_wconf 92' lang='lat' dir='ltr'>J.</span> <span class='ocrx_word' id='word_1_151' title='bbox 1713 1408 1772 1448; x_wconf 90' lang='lat' dir='ltr'>B.]</span> 
     </span>
    </p>
   </div>
   <div class='ocr_carea' id='block_1_6' title="bbox 357 1463 1067 1904">
    <p class='ocr_par' dir='ltr' id='par_1_10' title="bbox 357 1463 1067 1904">
     <span class='ocr_line' id='line_1_20' title="bbox 366 1463 1064 1499; baseline -0.013 0"><span class='ocrx_word' id='word_1_152' title='bbox 366 1470 474 1499; x_wconf 79' lang='grc' dir='ltr'>Σύλας</span> <span class='ocrx_word' id='word_1_153' title='bbox 484 1469 515 1497; x_wconf 90' lang='lat' dir='ltr'>id</span> <span class='ocrx_word' id='word_1_154' title='bbox 531 1469 607 1497; x_wconf 87' lang='lat' dir='ltr'>dicit</span> <span class='ocrx_word' id='word_1_155' title='bbox 622 1466 854 1496; x_wconf 85' lang='lat' dir='ltr'>Demosthenes</span> <span class='ocrx_word' id='word_1_156' title='bbox 868 1465 899 1492; x_wconf 89' lang='lat' dir='ltr'>in</span> <span class='ocrx_word' id='word_1_157' title='bbox 914 1463 1064 1492; x_wconf 81' lang='lat' dir='ltr'>Oratione</span> 
     </span>
     <span class='ocr_line' id='line_1_21' title="bbox 358 1514 1064 1560; baseline -0.013 -10"><span class='ocrx_word' id='word_1_158' title='bbox 358 1530 422 1560; x_wconf 80' lang='lat' dir='ltr'>pro</span> <span class='ocrx_word' id='word_1_159' title='bbox 441 1520 577 1555; x_wconf 76' lang='lat' dir='ltr'>Corona,</span> <span class='ocrx_word' id='word_1_160' title='bbox 592 1521 624 1547; x_wconf 88' lang='lat' dir='ltr'>et</span> <span class='ocrx_word' id='word_1_161' title='bbox 640 1516 830 1547; x_wconf 87' lang='lat' dir='ltr'>Aristoteles</span> <span class='ocrx_word' id='word_1_162' title='bbox 845 1514 1064 1544; x_wconf 75' lang='lat' dir='ltr'>OEconomicon</span> 
     </span>
     <span class='ocr_line' id='line_1_22' title="bbox 364 1565 1064 1608; baseline -0.011 -8"><span class='ocrx_word' id='word_1_163' title='bbox 364 1571 510 1600; x_wconf 88' lang='lat' dir='ltr'>secundo.</span> <span class='ocrx_word' id='word_1_164' title='bbox 534 1570 620 1608; x_wconf 84' lang='lat' dir='ltr'>[pag.</span> <span class='ocrx_word' id='word_1_165' title='bbox 641 1570 699 1598; x_wconf 81' lang='lat'>503</span> <span class='ocrx_word' id='word_1_166' title='bbox 727 1576 756 1597; x_wconf 84' lang='lat' dir='ltr'>c.</span> <span class='ocrx_word' id='word_1_167' title='bbox 801 1566 863 1596; x_wconf 86' lang='lat' dir='ltr'>Sed</span> <span class='ocrx_word' id='word_1_168' title='bbox 886 1566 973 1594; x_wconf 86' lang='lat' dir='ltr'>loeus</span> <span class='ocrx_word' id='word_1_169' title='bbox 994 1565 1064 1593; x_wconf 72' lang='lat' dir='ltr'>DE-</span> 
     </span>
     <span class='ocr_line' id='line_1_23' title="bbox 364 1613 1065 1653; baseline -0.013 -4"><span class='ocrx_word' id='word_1_170' title='bbox 364 1628 560 1649; x_wconf 76' lang='lat' dir='ltr'>MOSTHENis</span> <span class='ocrx_word' id='word_1_171' title='bbox 602 1627 665 1646; x_wconf 89' lang='lat' dir='ltr'>non</span> <span class='ocrx_word' id='word_1_172' title='bbox 694 1619 790 1652; x_wconf 86' lang='lat' dir='ltr'>extat,</span> <span class='ocrx_word' id='word_1_173' title='bbox 820 1614 905 1653; x_wconf 92' lang='lat' dir='ltr'>quod</span> <span class='ocrx_word' id='word_1_174' title='bbox 937 1613 1065 1652; x_wconf 89' lang='lat' dir='ltr'>quidem</span> 
     </span>
     <span class='ocr_line' id='line_1_24' title="bbox 364 1663 1065 1704; baseline -0.011 -6"><span class='ocrx_word' id='word_1_175' title='bbox 364 1670 470 1704; x_wconf 84' lang='lat' dir='ltr'>sciam,</span> <span class='ocrx_word' id='word_1_176' title='bbox 485 1669 516 1697; x_wconf 90' lang='lat' dir='ltr'>in</span> <span class='ocrx_word' id='word_1_177' title='bbox 538 1668 636 1696; x_wconf 90' lang='lat' dir='ltr'>nobili</span> <span class='ocrx_word' id='word_1_178' title='bbox 657 1667 712 1695; x_wconf 89' lang='lat' dir='ltr'>illa</span> <span class='ocrx_word' id='word_1_179' title='bbox 733 1669 766 1695; x_wconf 87' lang='lat' dir='ltr'>et</span> <span class='ocrx_word' id='word_1_180' title='bbox 785 1666 883 1702; x_wconf 81' lang='lat' dir='ltr'>longa</span> <span class='ocrx_word' id='word_1_181' title='bbox 911 1663 1065 1693; x_wconf 84' lang='lat' dir='ltr'>Oratione</span> 
     </span>
     <span class='ocr_line' id='line_1_25' title="bbox 357 1712 1066 1758; baseline -0.013 -9"><span class='ocrx_word' id='word_1_182' title='bbox 357 1730 421 1758; x_wconf 82' lang='lat' dir='ltr'>pro</span> <span class='ocrx_word' id='word_1_183' title='bbox 450 1720 589 1753; x_wconf 82' lang='lat' dir='ltr'>Corona,</span> <span class='ocrx_word' id='word_1_184' title='bbox 613 1726 721 1747; x_wconf 87' lang='lat' dir='ltr'>verum</span> <span class='ocrx_word' id='word_1_185' title='bbox 746 1717 779 1744; x_wconf 89' lang='lat' dir='ltr'>in</span> <span class='ocrx_word' id='word_1_186' title='bbox 801 1714 888 1744; x_wconf 83' lang='lat' dir='ltr'>brevi</span> <span class='ocrx_word' id='word_1_187' title='bbox 912 1712 1066 1743; x_wconf 85' lang='lat' dir='ltr'>Oratione</span> 
     </span>
     <span class='ocr_line' id='line_1_26' title="bbox 365 1762 1067 1806; baseline -0.011 -6"><span class='ocrx_word' id='word_1_188' title='bbox 365 1770 449 1806; x_wconf 80' lang='grc' dir='ltr'>Περὶ</span> <span class='ocrx_word' id='word_1_189' title='bbox 472 1771 533 1799; x_wconf 77' lang='grc' dir='ltr'>’τοῦ</span> <span class='ocrx_word' id='word_1_190' title='bbox 561 1768 733 1806; x_wconf 79' lang='grc' dir='ltr'>στεφάνου</span> <span class='ocrx_word' id='word_1_191' title='bbox 761 1763 821 1801; x_wconf 67' lang='grc' dir='ltr'>’τῆς</span> <span class='ocrx_word' id='word_1_192' title='bbox 848 1762 1067 1802; x_wconf 70' lang='grc' dir='ltr'>τριηραρχίας</span> 
     </span>
     <span class='ocr_line' id='line_1_27' title="bbox 363 1813 1067 1859; baseline -0.011 -11"><span class='ocrx_word' id='word_1_193' title='bbox 363 1830 439 1859; x_wconf 84' lang='lat' dir='ltr'>pag.</span> <span class='ocrx_word' id='word_1_194' title='bbox 463 1821 518 1850; x_wconf 86' lang='lat'>717</span> <span class='ocrx_word' id='word_1_195' title='bbox 539 1828 559 1848; x_wconf 83' lang='grc' dir='ltr'>Λ</span> <span class='ocrx_word' id='word_1_196' title='bbox 582 1819 631 1857; x_wconf 73' lang='lat' dir='ltr'>[p.</span> <span class='ocrx_word' id='word_1_197' title='bbox 658 1819 743 1853; x_wconf 80' lang='lat'>1232,</span> <span class='ocrx_word' id='word_1_198' title='bbox 766 1816 803 1854; x_wconf 87' lang='lat'>4]]</span> <span class='ocrx_word' id='word_1_199' title='bbox 837 1824 930 1853; x_wconf 83' lang='lat' dir='ltr'>qnam</span> <span class='ocrx_word' id='word_1_200' title='bbox 957 1813 1067 1842; x_wconf 82' lang='lat' dir='ltr'>laudat</span> 
     </span>
     <span class='ocr_line' id='line_1_28' title="bbox 364 1863 1067 1904; baseline -0.01 -5"><span class='ocrx_word' id='word_1_201' title='bbox 364 1871 651 1904; x_wconf 72' lang='lat' dir='ltr'>HARroannoN,</span> <span class='ocrx_word' id='word_1_202' title='bbox 665 1877 740 1897; x_wconf 85' lang='lat' dir='ltr'>voce</span> <span class='ocrx_word' id='word_1_203' title='bbox 757 1868 881 1895; x_wconf 80' lang='grc' dir='ltr'>Σύλας;</span> <span class='ocrx_word' id='word_1_204' title='bbox 898 1864 981 1893; x_wconf 88' lang='lat' dir='ltr'>unde</span> <span class='ocrx_word' id='word_1_205' title='bbox 1001 1863 1067 1892; x_wconf 86' lang='lat' dir='ltr'>sine</span> 
     </span>
    </p>
   </div>
   <div class='ocr_carea' id='block_1_7' title="bbox 1133 1458 1835 1696">
    <p class='ocr_par' dir='ltr' id='par_1_11' title="bbox 1133 1458 1835 1696">
     <span class='ocr_line' id='line_1_29' title="bbox 1193 1458 1831 1498; baseline -0.003 -8"><span class='ocrx_word' id='word_1_206' title='bbox 1193 1461 1203 1482; x_wconf 80' lang='lat' dir='ltr'>f</span> <span class='ocrx_word' id='word_1_207' title='bbox 1228 1461 1360 1491; x_wconf 74' lang='lat' dir='ltr'>Natura</span> <span class='ocrx_word' id='word_1_208' title='bbox 1388 1465 1488 1490; x_wconf 82' lang='lat' dir='ltr'>tamen</span> <span class='ocrx_word' id='word_1_209' title='bbox 1515 1460 1635 1489; x_wconf 79' lang='lat' dir='ltr'>debitor</span> <span class='ocrx_word' id='word_1_210' title='bbox 1657 1458 1831 1498; x_wconf 77' lang='lat' dir='ltr'>permanet]</span> 
     </span>
     <span class='ocr_line' id='line_1_30' title="bbox 1133 1510 1835 1551; baseline -0.004 -10"><span class='ocrx_word' id='word_1_211' title='bbox 1133 1512 1287 1551; x_wconf 83' lang='lat' dir='ltr'>Spectant</span> <span class='ocrx_word' id='word_1_212' title='bbox 1302 1513 1362 1540; x_wconf 89' lang='lat' dir='ltr'>huc</span> <span class='ocrx_word' id='word_1_213' title='bbox 1375 1521 1444 1550; x_wconf 84' lang='lat' dir='ltr'>quae</span> <span class='ocrx_word' id='word_1_214' title='bbox 1459 1511 1555 1540; x_wconf 85' lang='lat' dir='ltr'>habet</span> <span class='ocrx_word' id='word_1_215' title='bbox 1568 1511 1689 1540; x_wconf 87' lang='lat' dir='ltr'>Gailius</span> <span class='ocrx_word' id='word_1_216' title='bbox 1701 1510 1738 1539; x_wconf 86' lang='lat' dir='ltr'>de</span> <span class='ocrx_word' id='word_1_217' title='bbox 1747 1510 1835 1539; x_wconf 83' lang='lat' dir='ltr'>Pace</span> 
     </span>
     <span class='ocr_line' id='line_1_31' title="bbox 1134 1560 1833 1598; baseline -0.003 -7"><span class='ocrx_word' id='word_1_218' title='bbox 1134 1562 1271 1592; x_wconf 77' lang='lat' dir='ltr'>Publica</span> <span class='ocrx_word' id='word_1_219' title='bbox 1298 1561 1368 1590; x_wconf 87' lang='lat' dir='ltr'>Lib.</span> <span class='ocrx_word' id='word_1_220' title='bbox 1390 1570 1427 1590; x_wconf 86' lang='lat'>11.</span> <span class='ocrx_word' id='word_1_221' title='bbox 1458 1570 1528 1598; x_wconf 88' lang='lat' dir='ltr'>cap.</span> <span class='ocrx_word' id='word_1_222' title='bbox 1548 1560 1612 1589; x_wconf 82' lang='lat' dir='ltr'>viii.</span> <span class='ocrx_word' id='word_1_223' title='bbox 1638 1569 1724 1589; x_wconf 88' lang='lat' dir='ltr'>num.</span> <span class='ocrx_word' id='word_1_224' title='bbox 1743 1560 1771 1590; x_wconf 83' lang='lat'>7.</span> <span class='ocrx_word' id='word_1_225' title='bbox 1801 1561 1833 1589; x_wconf 78' lang='lat' dir='ltr'>et</span> 
     </span>
     <span class='ocr_line' id='line_1_32' title="bbox 1134 1610 1834 1650; baseline -0.006 -8"><span class='ocrx_word' id='word_1_226' title='bbox 1134 1612 1294 1650; x_wconf 84' lang='lat' dir='ltr'>Vasquius</span> <span class='ocrx_word' id='word_1_227' title='bbox 1302 1611 1382 1640; x_wconf 90' lang='lat' dir='ltr'>libro</span> <span class='ocrx_word' id='word_1_228' title='bbox 1393 1620 1438 1640; x_wconf 76' lang='lat' dir='ltr'>IV.</span> <span class='ocrx_word' id='word_1_229' title='bbox 1454 1611 1734 1640; x_wconf 85' lang='lat' dir='ltr'>controversiarum</span> <span class='ocrx_word' id='word_1_230' title='bbox 1746 1610 1834 1639; x_wconf 87' lang='lat' dir='ltr'>illus-</span> 
     </span>
     <span class='ocr_line' id='line_1_33' title="bbox 1135 1658 1454 1696; baseline -0.009 -8"><span class='ocrx_word' id='word_1_231' title='bbox 1135 1660 1229 1689; x_wconf 84' lang='lat' dir='ltr'>trium</span> <span class='ocrx_word' id='word_1_232' title='bbox 1246 1668 1315 1696; x_wconf 87' lang='lat' dir='ltr'>cap.</span> <span class='ocrx_word' id='word_1_233' title='bbox 1325 1668 1354 1687; x_wconf 74' lang='lat' dir='ltr'>X.</span> <span class='ocrx_word' id='word_1_234' title='bbox 1375 1658 1392 1696; x_wconf 64' lang='grc' dir='ltr'>ξ</span> <span class='ocrx_word' id='word_1_235' title='bbox 1406 1659 1454 1686; x_wconf 80' lang='lat'>41.</span> 
     </span>
    </p>
   </div>
   <div class='ocr_carea' id='block_1_8' title="bbox 1136 1706 1834 1898">
    <p class='ocr_par' dir='ltr' id='par_1_12' title="bbox 1136 1706 1834 1898">
     <span class='ocr_line' id='line_1_34' title="bbox 1194 1706 1834 1746; baseline -0.002 -10"><span class='ocrx_word' id='word_1_236' title='bbox 1194 1715 1209 1736; x_wconf 72' lang='lat' dir='ltr'><strong>g</strong></span> <span class='ocrx_word' id='word_1_237' title='bbox 1232 1707 1392 1746; x_wconf 75' lang='lat' dir='ltr'>Corpora]</span> <span class='ocrx_word' id='word_1_238' title='bbox 1434 1707 1516 1737; x_wconf 88' lang='lat' dir='ltr'>Vide</span> <span class='ocrx_word' id='word_1_239' title='bbox 1543 1707 1722 1745; x_wconf 86' lang='lat' dir='ltr'>exemplum</span> <span class='ocrx_word' id='word_1_240' title='bbox 1749 1706 1834 1745; x_wconf 88' lang='lat' dir='ltr'>apud</span> 
     </span>
     <span class='ocr_line' id='line_1_35' title="bbox 1136 1757 1834 1788; baseline -0.004 0"><span class='ocrx_word' id='word_1_241' title='bbox 1136 1759 1342 1788; x_wconf 84' lang='lat' dir='ltr'>Ammianum</span> <span class='ocrx_word' id='word_1_242' title='bbox 1377 1759 1458 1786; x_wconf 89' lang='lat' dir='ltr'>libro</span> <span class='ocrx_word' id='word_1_243' title='bbox 1484 1767 1570 1786; x_wconf 81' lang='lat' dir='ltr'>xvu.</span> <span class='ocrx_word' id='word_1_244' title='bbox 1605 1757 1659 1786; x_wconf 90' lang='lat' dir='ltr'>ubi</span> <span class='ocrx_word' id='word_1_245' title='bbox 1687 1757 1834 1786; x_wconf 83' lang='lat' dir='ltr'>Julianus</span> 
     </span>
     <span class='ocr_line' id='line_1_36' title="bbox 1136 1808 1834 1846; baseline -0.004 -7"><span class='ocrx_word' id='word_1_246' title='bbox 1136 1810 1330 1839; x_wconf 75' lang='lat' dir='ltr'>Francorum</span> <span class='ocrx_word' id='word_1_247' title='bbox 1347 1809 1498 1846; x_wconf 83' lang='lat' dir='ltr'>quosdam</span> <span class='ocrx_word' id='word_1_248' title='bbox 1514 1809 1631 1837; x_wconf 85' lang='lat' dir='ltr'>retinet</span> <span class='ocrx_word' id='word_1_249' title='bbox 1644 1817 1744 1846; x_wconf 88' lang='lat' dir='ltr'>usque</span> <span class='ocrx_word' id='word_1_250' title='bbox 1760 1808 1834 1836; x_wconf 90' lang='lat' dir='ltr'>dum</span> 
     </span>
     <span class='ocr_line' id='line_1_37' title="bbox 1136 1858 1834 1898; baseline -0.004 -9"><span class='ocrx_word' id='word_1_251' title='bbox 1136 1860 1252 1898; x_wconf 80' lang='lat' dir='ltr'>captivi</span> <span class='ocrx_word' id='word_1_252' title='bbox 1271 1869 1309 1888; x_wconf 82' lang='lat' dir='ltr'>ex</span> <span class='ocrx_word' id='word_1_253' title='bbox 1324 1862 1417 1897; x_wconf 82' lang='lat' dir='ltr'>pacto</span> <span class='ocrx_word' id='word_1_254' title='bbox 1431 1859 1614 1888; x_wconf 84' lang='lat' dir='ltr'>liberentur.</span> <span class='ocrx_word' id='word_1_255' title='bbox 1656 1858 1750 1887; x_wconf 87' lang='lat' dir='ltr'>Adde</span> <span class='ocrx_word' id='word_1_256' title='bbox 1764 1867 1834 1896; x_wconf 84' lang='lat' dir='ltr'>quae</span> 
     </span>
    </p>
   </div>
   <div class='ocr_carea' id='block_1_9' title="bbox 780 1953 1328 1966">
    <p class='ocr_par' dir='ltr' id='par_1_13' title="bbox 780 1953 1328 1966">
     <span class='ocr_line' id='line_1_38' title="bbox 780 1953 1328 1966; baseline 0 0"><span class='ocrx_word' id='word_1_257' title='bbox 780 1953 1328 1966; x_wconf 95' lang='lat' dir='ltr'> </span> 
     </span>
    </p>
   </div>
   <div class='ocr_carea' id='block_1_10' title="bbox 365 2025 1842 2994">
    <p class='ocr_par' dir='ltr' id='par_1_14' title="bbox 365 2025 1837 2300">
     <span class='ocr_line' id='line_1_39' title="bbox 365 2025 1836 2078; baseline -0.008 -7"><span class='ocrx_word' id='word_1_258' title='bbox 365 2035 539 2071; x_wconf 85' lang='lat' dir='ltr'>manifest</span> <span class='ocrx_word' id='word_1_259' title='bbox 560 2044 696 2078; x_wconf 84' lang='lat' dir='ltr'>wrong,</span> <span class='ocrx_word' id='word_1_260' title='bbox 717 2033 866 2067; x_wconf 87' lang='lat' dir='ltr'>citizens</span> <span class='ocrx_word' id='word_1_261' title='bbox 891 2031 933 2065; x_wconf 89' lang='lat' dir='ltr'>of</span> <span class='ocrx_word' id='word_1_262' title='bbox 950 2031 1013 2065; x_wconf 89' lang='lat' dir='ltr'>the</span> <span class='ocrx_word' id='word_1_263' title='bbox 1034 2033 1129 2064; x_wconf 85' lang='lat' dir='ltr'>state</span> <span class='ocrx_word' id='word_1_264' title='bbox 1150 2029 1199 2074; x_wconf 93' lang='lat' dir='ltr'>by</span> <span class='ocrx_word' id='word_1_265' title='bbox 1220 2028 1338 2062; x_wconf 83' lang='lat' dir='ltr'>which</span> <span class='ocrx_word' id='word_1_266' title='bbox 1359 2028 1432 2062; x_wconf 84' lang='lat' dir='ltr'>this</span> <span class='ocrx_word' id='word_1_267' title='bbox 1454 2027 1520 2061; x_wconf 88' lang='lat' dir='ltr'>has</span> <span class='ocrx_word' id='word_1_268' title='bbox 1537 2026 1633 2061; x_wconf 91' lang='lat' dir='ltr'>been</span> <span class='ocrx_word' id='word_1_269' title='bbox 1658 2025 1754 2060; x_wconf 90' lang='lat' dir='ltr'>done</span> <span class='ocrx_word' id='word_1_270' title='bbox 1773 2036 1836 2060; x_wconf 86' lang='lat' dir='ltr'>are</span> 
     </span>
     <span class='ocr_line' id='line_1_40' title="bbox 366 2083 1837 2133; baseline -0.006 -5"><span class='ocrx_word' id='word_1_271' title='bbox 366 2092 552 2128; x_wconf 83' lang='lat' dir='ltr'>detained.</span> <span class='ocrx_word' id='word_1_272' title='bbox 588 2090 689 2125; x_wconf 83' lang='lat' dir='ltr'>Thus</span> <span class='ocrx_word' id='word_1_273' title='bbox 707 2093 745 2124; x_wconf 87' lang='lat' dir='ltr'>at</span> <span class='ocrx_word' id='word_1_274' title='bbox 764 2089 948 2133; x_wconf 83' lang='lat' dir='ltr'>Carthage</span> <span class='ocrx_word' id='word_1_275' title='bbox 965 2098 1067 2122; x_wconf 88' lang='lat' dir='ltr'>some</span> <span class='ocrx_word' id='word_1_276' title='bbox 1088 2085 1292 2120; x_wconf 87' lang='lat' dir='ltr'>interfered</span> <span class='ocrx_word' id='word_1_277' title='bbox 1310 2089 1348 2119; x_wconf 94' lang='lat' dir='ltr'>to</span> <span class='ocrx_word' id='word_1_278' title='bbox 1369 2089 1525 2130; x_wconf 85' lang='lat' dir='ltr'>prevent</span> <span class='ocrx_word' id='word_1_279' title='bbox 1542 2084 1665 2118; x_wconf 87' lang='lat' dir='ltr'>Aristo</span> <span class='ocrx_word' id='word_1_280' title='bbox 1684 2083 1726 2117; x_wconf 84' lang='lat' dir='ltr'>of</span> <span class='ocrx_word' id='word_1_281' title='bbox 1739 2084 1837 2129; x_wconf 76' lang='lat' dir='ltr'>Tyro</span> 
     </span>
     <span class='ocr_line' id='line_1_41' title="bbox 366 2141 1836 2195; baseline -0.007 -10"><span class='ocrx_word' id='word_1_282' title='bbox 366 2151 479 2195; x_wconf 85' lang='lat' dir='ltr'>being</span> <span class='ocrx_word' id='word_1_283' title='bbox 507 2149 632 2189; x_wconf 84' lang='lat' dir='ltr'>taken,</span> <span class='ocrx_word' id='word_1_284' title='bbox 658 2147 786 2193; x_wconf 85' lang='lat' dir='ltr'>saying</span> <span class='ocrx_word' id='word_1_285' title='bbox 806 2146 889 2180; x_wconf 85' lang='lat' dir='ltr'>that</span> <span class='ocrx_word' id='word_1_286' title='bbox 909 2146 943 2179; x_wconf 84' lang='lat' dir='ltr'>if</span> <span class='ocrx_word' id='word_1_287' title='bbox 968 2144 1041 2179; x_wconf 85' lang='lat' dir='ltr'>this</span> <span class='ocrx_word' id='word_1_288' title='bbox 1062 2154 1134 2177; x_wconf 87' lang='lat' dir='ltr'>was</span> <span class='ocrx_word' id='word_1_289' title='bbox 1156 2143 1264 2183; x_wconf 88' lang='lat' dir='ltr'>done,</span> <span class='ocrx_word' id='word_1_290' title='bbox 1290 2143 1342 2176; x_wconf 81' lang='lat' dir='ltr'>tho</span> <span class='ocrx_word' id='word_1_291' title='bbox 1371 2153 1466 2176; x_wconf 82' lang='lat' dir='ltr'>same</span> <span class='ocrx_word' id='word_1_292' title='bbox 1486 2141 1606 2175; x_wconf 75' lang='lat' dir='ltr'>would</span> <span class='ocrx_word' id='word_1_293' title='bbox 1629 2142 1665 2175; x_wconf 79' lang='lat' dir='ltr'>be</span> <span class='ocrx_word' id='word_1_294' title='bbox 1694 2141 1782 2175; x_wconf 79' lang='lat' dir='ltr'>done</span> <span class='ocrx_word' id='word_1_295' title='bbox 1803 2146 1836 2174; x_wconf 80' lang='lat' dir='ltr'>to</span> 
     </span>
     <span class='ocr_line' id='line_1_42' title="bbox 370 2198 1837 2252; baseline -0.007 -10"><span class='ocrx_word' id='word_1_296' title='bbox 370 2207 648 2252; x_wconf 74' lang='lat' dir='ltr'>Cartlzayinians</span> <span class='ocrx_word' id='word_1_297' title='bbox 674 2210 713 2238; x_wconf 74' lang='lat' dir='ltr'>at</span> <span class='ocrx_word' id='word_1_298' title='bbox 740 2204 842 2249; x_wconf 74' lang='lat' dir='ltr'>Tyro,</span> <span class='ocrx_word' id='word_1_299' title='bbox 863 2204 938 2237; x_wconf 73' lang='lat' dir='ltr'>and</span> <span class='ocrx_word' id='word_1_300' title='bbox 959 2202 997 2236; x_wconf 73' lang='lat' dir='ltr'>in</span> <span class='ocrx_word' id='word_1_301' title='bbox 1018 2202 1113 2236; x_wconf 75' lang='lat' dir='ltr'>other</span> <span class='ocrx_word' id='word_1_302' title='bbox 1132 2200 1334 2234; x_wconf 75' lang='lat' dir='ltr'>mereantz&#39;le</span> <span class='ocrx_word' id='word_1_303' title='bbox 1357 2199 1449 2234; x_wconf 71' lang='lat' dir='ltr'>citios</span> <span class='ocrx_word' id='word_1_304' title='bbox 1473 2199 1618 2233; x_wconf 74' lang='lat' dir='ltr'>whithor</span> <span class='ocrx_word' id='word_1_305' title='bbox 1645 2198 1721 2243; x_wconf 72' lang='lat' dir='ltr'>they</span> <span class='ocrx_word' id='word_1_306' title='bbox 1747 2203 1837 2232; x_wconf 76' lang='lat' dir='ltr'>went</span> 
     </span>
     <span class='ocr_line' id='line_1_43' title="bbox 367 2265 603 2300; baseline -0.013 0"><span class='ocrx_word' id='word_1_307' title='bbox 367 2266 407 2300; x_wconf 79' lang='lat' dir='ltr'>in</span> <span class='ocrx_word' id='word_1_308' title='bbox 426 2265 603 2298; x_wconf 73' lang='lat' dir='ltr'>numbers.</span> 
     </span>
    </p>

    <p class='ocr_par' dir='ltr' id='par_1_15' title="bbox 367 2311 1838 2593">
     <span class='ocr_line' id='line_1_44' title="bbox 445 2311 1835 2358; baseline -0.007 -3"><span class='ocrx_word' id='word_1_309' title='bbox 445 2321 511 2355; x_wconf 92' lang='lat' dir='ltr'>IV.</span> <span class='ocrx_word' id='word_1_310' title='bbox 561 2318 729 2354; x_wconf 88' lang='lat' dir='ltr'>Another</span> <span class='ocrx_word' id='word_1_311' title='bbox 744 2317 835 2352; x_wconf 89' lang='lat' dir='ltr'>kind</span> <span class='ocrx_word' id='word_1_312' title='bbox 857 2316 899 2351; x_wconf 87' lang='lat' dir='ltr'>of</span> <span class='ocrx_word' id='word_1_313' title='bbox 912 2316 976 2351; x_wconf 87' lang='lat' dir='ltr'>the</span> <span class='ocrx_word' id='word_1_314' title='bbox 996 2315 1137 2350; x_wconf 85' lang='lat' dir='ltr'>violent</span> <span class='ocrx_word' id='word_1_315' title='bbox 1154 2314 1324 2349; x_wconf 85' lang='lat' dir='ltr'>exaction</span> <span class='ocrx_word' id='word_1_316' title='bbox 1345 2313 1387 2348; x_wconf 87' lang='lat' dir='ltr'>of</span> <span class='ocrx_word' id='word_1_317' title='bbox 1401 2312 1517 2358; x_wconf 87' lang='lat' dir='ltr'>rights</span> <span class='ocrx_word' id='word_1_318' title='bbox 1539 2312 1568 2346; x_wconf 90' lang='lat' dir='ltr'>is</span> <span class='ocrx_word' id='word_1_319' title='bbox 1585 2311 1715 2356; x_wconf 81' lang='lat' dir='ltr'>taking</span> <span class='ocrx_word' id='word_1_320' title='bbox 1732 2322 1835 2346; x_wconf 85' lang='lat' dir='ltr'>seeu-</span> 
     </span>
     <span class='ocr_line' id='line_1_45' title="bbox 367 2368 1837 2424; baseline -0.007 -11"><span class='ocrx_word' id='word_1_321' title='bbox 367 2380 441 2424; x_wconf 86' lang='lat' dir='ltr'>rity</span> <span class='ocrx_word' id='word_1_322' title='bbox 462 2378 504 2412; x_wconf 85' lang='lat' dir='ltr'>of</span> <span class='ocrx_word' id='word_1_323' title='bbox 517 2377 582 2412; x_wconf 92' lang='lat' dir='ltr'>the</span> <span class='ocrx_word' id='word_1_324' title='bbox 602 2376 736 2422; x_wconf 88' lang='lat' dir='ltr'>people</span> <span class='ocrx_word' id='word_1_325' title='bbox 757 2375 800 2410; x_wconf 90' lang='lat' dir='ltr'>of</span> <span class='ocrx_word' id='word_1_326' title='bbox 815 2374 878 2408; x_wconf 88' lang='lat' dir='ltr'>the</span> <span class='ocrx_word' id='word_1_327' title='bbox 900 2373 1086 2413; x_wconf 84' lang='lat' dir='ltr'>offender3</span> <span class='ocrx_word' id='word_1_328' title='bbox 1118 2372 1235 2406; x_wconf 87' lang='lat' dir='ltr'>which</span> <span class='ocrx_word' id='word_1_329' title='bbox 1261 2371 1325 2406; x_wconf 87' lang='lat' dir='ltr'>the</span> <span class='ocrx_word' id='word_1_330' title='bbox 1345 2381 1448 2405; x_wconf 91' lang='lat' dir='ltr'>more</span> <span class='ocrx_word' id='word_1_331' title='bbox 1469 2373 1597 2404; x_wconf 85' lang='lat' dir='ltr'>recent</span> <span class='ocrx_word' id='word_1_332' title='bbox 1617 2369 1744 2413; x_wconf 85' lang='lat' dir='ltr'>jurists</span> <span class='ocrx_word' id='word_1_333' title='bbox 1766 2368 1837 2403; x_wconf 86' lang='lat' dir='ltr'>call</span> 
     </span>
     <span class='ocr_line' id='line_1_46' title="bbox 369 2425 1838 2481; baseline -0.007 -11"><span class='ocrx_word' id='word_1_334' title='bbox 369 2425 567 2480; x_wconf 17' lang='lat' dir='ltr'>thevRiyht</span> <span class='ocrx_word' id='word_1_335' title='bbox 587 2435 631 2481; x_wconf 92' lang='lat' dir='ltr'>of</span> <span class='ocrx_word' id='word_1_336' title='bbox 643 2432 854 2479; x_wconf 72' lang='lat' dir='ltr'>Reprisals;</span> <span class='ocrx_word' id='word_1_337' title='bbox 882 2431 946 2466; x_wconf 85' lang='lat' dir='ltr'>the</span> <span class='ocrx_word' id='word_1_338' title='bbox 969 2431 1109 2464; x_wconf 82' lang='lat' dir='ltr'>Saxons</span> <span class='ocrx_word' id='word_1_339' title='bbox 1131 2429 1205 2463; x_wconf 89' lang='lat' dir='ltr'>and</span> <span class='ocrx_word' id='word_1_340' title='bbox 1233 2428 1381 2474; x_wconf 87' lang='lat' dir='ltr'>Angles,</span> <span class='ocrx_word' id='word_1_341' title='bbox 1408 2427 1731 2464; x_wconf 54' lang='lat' dir='ltr'>Walter-namium,</span> <span class='ocrx_word' id='word_1_342' title='bbox 1763 2425 1838 2460; x_wconf 85' lang='lat' dir='ltr'>and</span> 
     </span>
     <span class='ocr_line' id='line_1_47' title="bbox 370 2483 1835 2535; baseline -0.008 -8"><span class='ocrx_word' id='word_1_343' title='bbox 370 2493 435 2527; x_wconf 81' lang='lat' dir='ltr'>the</span> <span class='ocrx_word' id='word_1_344' title='bbox 451 2491 609 2530; x_wconf 80' lang='lat' dir='ltr'>Freneh,</span> <span class='ocrx_word' id='word_1_345' title='bbox 625 2501 761 2535; x_wconf 88' lang='lat' dir='ltr'>among</span> <span class='ocrx_word' id='word_1_346' title='bbox 781 2489 902 2523; x_wconf 89' lang='lat' dir='ltr'>whom</span> <span class='ocrx_word' id='word_1_347' title='bbox 919 2489 948 2522; x_wconf 88' lang='lat' dir='ltr'>it</span> <span class='ocrx_word' id='word_1_348' title='bbox 965 2488 994 2522; x_wconf 84' lang='lat' dir='ltr'>is</span> <span class='ocrx_word' id='word_1_349' title='bbox 1015 2487 1173 2532; x_wconf 84' lang='lat' dir='ltr'>granted</span> <span class='ocrx_word' id='word_1_350' title='bbox 1189 2486 1238 2532; x_wconf 89' lang='lat' dir='ltr'>by</span> <span class='ocrx_word' id='word_1_351' title='bbox 1255 2485 1319 2520; x_wconf 90' lang='lat' dir='ltr'>the</span> <span class='ocrx_word' id='word_1_352' title='bbox 1340 2485 1440 2529; x_wconf 83' lang='lat' dir='ltr'>king,</span> <span class='ocrx_word' id='word_1_353' title='bbox 1461 2485 1595 2518; x_wconf 81' lang='lat' dir='ltr'>Letters</span> <span class='ocrx_word' id='word_1_354' title='bbox 1616 2484 1661 2530; x_wconf 88' lang='lat' dir='ltr'>of</span> <span class='ocrx_word' id='word_1_355' title='bbox 1670 2483 1835 2528; x_wconf 78' lang='lat' dir='ltr'>Marque.</span> 
     </span>
     <span class='ocr_line' id='line_1_48' title="bbox 369 2540 1673 2593; baseline -0.008 -9"><span class='ocrx_word' id='word_1_356' title='bbox 369 2550 456 2584; x_wconf 81' lang='lat' dir='ltr'>And</span> <span class='ocrx_word' id='word_1_357' title='bbox 477 2549 548 2584; x_wconf 84' lang='lat' dir='ltr'>this</span> <span class='ocrx_word' id='word_1_358' title='bbox 569 2549 635 2582; x_wconf 89' lang='lat' dir='ltr'>has</span> <span class='ocrx_word' id='word_1_359' title='bbox 655 2548 773 2593; x_wconf 84' lang='lat' dir='ltr'>place,</span> <span class='ocrx_word' id='word_1_360' title='bbox 792 2558 830 2581; x_wconf 82' lang='lat' dir='ltr'>as</span> <span class='ocrx_word' id='word_1_361' title='bbox 848 2545 912 2580; x_wconf 83' lang='lat' dir='ltr'>the</span> <span class='ocrx_word' id='word_1_362' title='bbox 928 2545 1056 2590; x_wconf 87' lang='lat' dir='ltr'>jurists</span> <span class='ocrx_word' id='word_1_363' title='bbox 1077 2555 1153 2590; x_wconf 85' lang='lat' dir='ltr'>say,</span> <span class='ocrx_word' id='word_1_364' title='bbox 1172 2543 1279 2577; x_wconf 85' lang='lat' dir='ltr'>when</span> <span class='ocrx_word' id='word_1_365' title='bbox 1297 2542 1430 2587; x_wconf 82' lang='lat' dir='ltr'>Rights</span> <span class='ocrx_word' id='word_1_366' title='bbox 1448 2552 1510 2576; x_wconf 89' lang='lat' dir='ltr'>are</span> <span class='ocrx_word' id='word_1_367' title='bbox 1529 2540 1673 2576; x_wconf 83' lang='lat' dir='ltr'>denied.</span> 
     </span>
    </p>

    <p class='ocr_par' dir='ltr' id='par_1_16' title="bbox 366 2596 1842 2994">
     <span class='ocr_line' id='line_1_49' title="bbox 447 2596 1842 2647; baseline -0.008 -6"><span class='ocrx_word' id='word_1_368' title='bbox 447 2608 493 2640; x_wconf 90' lang='lat' dir='ltr'>V.</span> <span class='ocrx_word' id='word_1_369' title='bbox 544 2610 560 2640; x_wconf 86' lang='lat' dir='ltr'>l</span> <span class='ocrx_word' id='word_1_370' title='bbox 596 2605 684 2640; x_wconf 88' lang='lat' dir='ltr'>This</span> <span class='ocrx_word' id='word_1_371' title='bbox 706 2605 735 2639; x_wconf 89' lang='lat' dir='ltr'>is</span> <span class='ocrx_word' id='word_1_372' title='bbox 756 2602 983 2639; x_wconf 85' lang='lat' dir='ltr'>understood</span> <span class='ocrx_word' id='word_1_373' title='bbox 1010 2605 1048 2636; x_wconf 89' lang='lat' dir='ltr'>to</span> <span class='ocrx_word' id='word_1_374' title='bbox 1069 2601 1116 2636; x_wconf 93' lang='lat' dir='ltr'>be</span> <span class='ocrx_word' id='word_1_375' title='bbox 1141 2600 1343 2647; x_wconf 85' lang='lat' dir='ltr'>permitted</span> <span class='ocrx_word' id='word_1_376' title='bbox 1367 2600 1417 2645; x_wconf 91' lang='lat' dir='ltr'>by</span> <span class='ocrx_word' id='word_1_377' title='bbox 1438 2602 1592 2638; x_wconf 82' lang='lat' dir='ltr'>custom,</span> <span class='ocrx_word' id='word_1_378' title='bbox 1611 2601 1678 2632; x_wconf 89' lang='lat' dir='ltr'>not</span> <span class='ocrx_word' id='word_1_379' title='bbox 1698 2597 1785 2643; x_wconf 91' lang='lat' dir='ltr'>only</span> <span class='ocrx_word' id='word_1_380' title='bbox 1810 2596 1842 2630; x_wconf 86' lang='lat' dir='ltr'>if</span> 
     </span>
     <span class='ocr_line' id='line_1_50' title="bbox 366 2654 1839 2710; baseline -0.007 -12"><span class='ocrx_word' id='word_1_381' title='bbox 366 2665 563 2710; x_wconf 88' lang='lat' dir='ltr'>judgment</span> <span class='ocrx_word' id='word_1_382' title='bbox 584 2663 728 2708; x_wconf 83' lang='lat' dir='ltr'>against</span> <span class='ocrx_word' id='word_1_383' title='bbox 752 2673 774 2696; x_wconf 89' lang='lat' dir='ltr'>a</span> <span class='ocrx_word' id='word_1_384' title='bbox 791 2660 958 2695; x_wconf 85' lang='lat' dir='ltr'>eriminal</span> <span class='ocrx_word' id='word_1_385' title='bbox 980 2670 1022 2694; x_wconf 89' lang='lat' dir='ltr'>or</span> <span class='ocrx_word' id='word_1_386' title='bbox 1042 2670 1064 2693; x_wconf 87' lang='lat' dir='ltr'>a</span> <span class='ocrx_word' id='word_1_387' title='bbox 1081 2658 1214 2693; x_wconf 86' lang='lat' dir='ltr'>debtor</span> <span class='ocrx_word' id='word_1_388' title='bbox 1239 2661 1375 2692; x_wconf 89' lang='lat' dir='ltr'>cannot</span> <span class='ocrx_word' id='word_1_389' title='bbox 1401 2657 1446 2691; x_wconf 92' lang='lat' dir='ltr'>be</span> <span class='ocrx_word' id='word_1_390' title='bbox 1468 2655 1642 2690; x_wconf 86' lang='lat' dir='ltr'>obtained</span> <span class='ocrx_word' id='word_1_391' title='bbox 1664 2654 1792 2688; x_wconf 89' lang='lat' dir='ltr'>within</span> <span class='ocrx_word' id='word_1_392' title='bbox 1817 2665 1839 2688; x_wconf 88' lang='lat' dir='ltr'>a</span> 
     </span>
     <span class='ocr_line' id='line_1_51' title="bbox 371 2711 1839 2762; baseline -0.008 -6"><span class='ocrx_word' id='word_1_393' title='bbox 371 2721 588 2756; x_wconf 83' lang='lat' dir='ltr'>reasonable</span> <span class='ocrx_word' id='word_1_394' title='bbox 609 2721 719 2761; x_wconf 81' lang='lat' dir='ltr'>time3</span> <span class='ocrx_word' id='word_1_395' title='bbox 744 2719 813 2754; x_wconf 90' lang='lat' dir='ltr'>but</span> <span class='ocrx_word' id='word_1_396' title='bbox 830 2718 906 2752; x_wconf 86' lang='lat' dir='ltr'>also</span> <span class='ocrx_word' id='word_1_397' title='bbox 927 2718 965 2751; x_wconf 90' lang='lat' dir='ltr'>in</span> <span class='ocrx_word' id='word_1_398' title='bbox 987 2728 1008 2751; x_wconf 89' lang='lat' dir='ltr'>a</span> <span class='ocrx_word' id='word_1_399' title='bbox 1025 2727 1113 2762; x_wconf 85' lang='lat' dir='ltr'>very</span> <span class='ocrx_word' id='word_1_400' title='bbox 1131 2716 1230 2750; x_wconf 85' lang='lat' dir='ltr'>clear</span> <span class='ocrx_word' id='word_1_401' title='bbox 1250 2725 1344 2756; x_wconf 84' lang='lat' dir='ltr'>case,</span> <span class='ocrx_word' id='word_1_402' title='bbox 1368 2712 1444 2757; x_wconf 83' lang='lat' dir='ltr'>(for</span> <span class='ocrx_word' id='word_1_403' title='bbox 1464 2713 1503 2746; x_wconf 88' lang='lat' dir='ltr'>in</span> <span class='ocrx_word' id='word_1_404' title='bbox 1522 2724 1544 2746; x_wconf 91' lang='lat' dir='ltr'>a</span> <span class='ocrx_word' id='word_1_405' title='bbox 1565 2711 1739 2746; x_wconf 87' lang='lat' dir='ltr'>doubtful</span> <span class='ocrx_word' id='word_1_406' title='bbox 1756 2721 1839 2745; x_wconf 87' lang='lat' dir='ltr'>case</span> 
     </span>
     <span class='ocr_line' id='line_1_52' title="bbox 371 2768 1839 2823; baseline -0.007 -12"><span class='ocrx_word' id='word_1_407' title='bbox 371 2777 436 2812; x_wconf 89' lang='lat' dir='ltr'>the</span> <span class='ocrx_word' id='word_1_408' title='bbox 461 2778 717 2823; x_wconf 89' lang='lat' dir='ltr'>presumption</span> <span class='ocrx_word' id='word_1_409' title='bbox 742 2777 773 2811; x_wconf 88' lang='lat' dir='ltr'>is</span> <span class='ocrx_word' id='word_1_410' title='bbox 798 2776 857 2810; x_wconf 86' lang='lat' dir='ltr'>for</span> <span class='ocrx_word' id='word_1_411' title='bbox 879 2774 942 2810; x_wconf 89' lang='lat' dir='ltr'>the</span> <span class='ocrx_word' id='word_1_412' title='bbox 963 2773 1188 2809; x_wconf 83' lang='lat' dir='ltr'>established</span> <span class='ocrx_word' id='word_1_413' title='bbox 1208 2770 1371 2817; x_wconf 80' lang='lat' dir='ltr'>judges,)</span> <span class='ocrx_word' id='word_1_414' title='bbox 1392 2771 1425 2804; x_wconf 85' lang='lat' dir='ltr'>if</span> <span class='ocrx_word' id='word_1_415' title='bbox 1445 2769 1642 2815; x_wconf 87' lang='lat' dir='ltr'>judgment</span> <span class='ocrx_word' id='word_1_416' title='bbox 1663 2768 1710 2802; x_wconf 89' lang='lat' dir='ltr'>be</span> <span class='ocrx_word' id='word_1_417' title='bbox 1730 2768 1839 2813; x_wconf 87' lang='lat' dir='ltr'>given</span> 
     </span>
     <span class='ocr_line' id='line_1_53' title="bbox 371 2825 1839 2880; baseline -0.006 -12"><span class='ocrx_word' id='word_1_418' title='bbox 371 2835 512 2880; x_wconf 90' lang='lat' dir='ltr'>plainly</span> <span class='ocrx_word' id='word_1_419' title='bbox 542 2835 686 2880; x_wconf 85' lang='lat' dir='ltr'>against</span> <span class='ocrx_word' id='word_1_420' title='bbox 715 2833 826 2879; x_wconf 88' lang='lat' dir='ltr'>right.</span> <span class='ocrx_word' id='word_1_421' title='bbox 888 2833 992 2867; x_wconf 89' lang='lat' dir='ltr'>Even</span> <span class='ocrx_word' id='word_1_422' title='bbox 1017 2842 1153 2876; x_wconf 89' lang='lat' dir='ltr'>among</span> <span class='ocrx_word' id='word_1_423' title='bbox 1178 2830 1338 2874; x_wconf 87' lang='lat' dir='ltr'>subjects</span> <span class='ocrx_word' id='word_1_424' title='bbox 1360 2839 1382 2862; x_wconf 87' lang='lat' dir='ltr'>a</span> <span class='ocrx_word' id='word_1_425' title='bbox 1401 2837 1526 2871; x_wconf 87' lang='lat' dir='ltr'>wrong</span> <span class='ocrx_word' id='word_1_426' title='bbox 1555 2829 1729 2860; x_wconf 83' lang='lat' dir='ltr'>sentence</span> <span class='ocrx_word' id='word_1_427' title='bbox 1751 2825 1839 2859; x_wconf 88' lang='lat' dir='ltr'>does</span> 
     </span>
     <span class='ocr_line' id='line_1_54' title="bbox 372 2883 1840 2930; baseline -0.007 -4"><span class='ocrx_word' id='word_1_428' title='bbox 372 2895 439 2925; x_wconf 90' lang='lat' dir='ltr'>not</span> <span class='ocrx_word' id='word_1_429' title='bbox 475 2892 616 2926; x_wconf 86' lang='lat' dir='ltr'>abolish</span> <span class='ocrx_word' id='word_1_430' title='bbox 645 2903 667 2925; x_wconf 90' lang='lat' dir='ltr'>a</span> <span class='ocrx_word' id='word_1_431' title='bbox 693 2895 776 2926; x_wconf 88' lang='lat' dir='ltr'>true</span> <span class='ocrx_word' id='word_1_432' title='bbox 806 2890 906 2925; x_wconf 89' lang='lat' dir='ltr'>debt.</span> <span class='ocrx_word' id='word_1_433' title='bbox 968 2889 1004 2923; x_wconf 87' lang='lat' dir='ltr'><strong><em>A</em></strong></span> <span class='ocrx_word' id='word_1_434' title='bbox 1028 2895 1105 2923; x_wconf 72' lang='lat' dir='ltr'>true</span> <span class='ocrx_word' id='word_1_435' title='bbox 1139 2889 1257 2922; x_wconf 77' lang='lat' dir='ltr'>debtor</span> <span class='ocrx_word' id='word_1_436' title='bbox 1289 2885 1417 2930; x_wconf 71' lang='lat' dir='ltr'>thouyh</span> <span class='ocrx_word' id='word_1_437' title='bbox 1445 2883 1605 2917; x_wconf 77' lang='lat' dir='ltr'>absolved</span> <span class='ocrx_word' id='word_1_438' title='bbox 1631 2883 1786 2917; x_wconf 72' lang='lat' dir='ltr'>remains</span> <span class='ocrx_word' id='word_1_439' title='bbox 1816 2894 1840 2916; x_wconf 81' lang='lat' dir='ltr'>a</span> 
     </span>
     <span class='ocr_line' id='line_1_55' title="bbox 372 2938 1840 2994; baseline -0.006 -12"><span class='ocrx_word' id='word_1_440' title='bbox 372 2949 501 2989; x_wconf 64' lang='lat' dir='ltr'>debeor,</span> <span class='ocrx_word' id='word_1_441' title='bbox 520 2959 601 2994; x_wconf 87' lang='lat' dir='ltr'>says</span> <span class='ocrx_word' id='word_1_442' title='bbox 622 2948 771 2983; x_wconf 88' lang='lat' dir='ltr'>Paulus.</span> <span class='ocrx_word' id='word_1_443' title='bbox 820 2947 905 2982; x_wconf 91' lang='lat' dir='ltr'>And</span> <span class='ocrx_word' id='word_1_444' title='bbox 926 2946 1033 2982; x_wconf 86' lang='lat' dir='ltr'>when</span> <span class='ocrx_word' id='word_1_445' title='bbox 1052 2945 1102 2992; x_wconf 82' lang='lat' dir='ltr'>by</span> <span class='ocrx_word' id='word_1_446' title='bbox 1122 2944 1186 2980; x_wconf 87' lang='lat' dir='ltr'>the</span> <span class='ocrx_word' id='word_1_447' title='bbox 1204 2954 1329 2988; x_wconf 87' lang='lat' dir='ltr'>wrong</span> <span class='ocrx_word' id='word_1_448' title='bbox 1350 2941 1462 2987; x_wconf 87' lang='lat' dir='ltr'>doing</span> <span class='ocrx_word' id='word_1_449' title='bbox 1491 2940 1533 2975; x_wconf 84' lang='lat' dir='ltr'>of</span> <span class='ocrx_word' id='word_1_450' title='bbox 1550 2939 1614 2975; x_wconf 87' lang='lat' dir='ltr'>the</span> <span class='ocrx_word' id='word_1_451' title='bbox 1638 2939 1754 2986; x_wconf 82' lang='lat' dir='ltr'>judge</span> <span class='ocrx_word' id='word_1_452' title='bbox 1776 2938 1840 2974; x_wconf 84' lang='lat' dir='ltr'>the</span> 
     </span>
    </p>
   </div>
  </div>
 </body>
</html>
