1971 3326
690 184 754 221 AC
783 184 1084 222 VERBORUM.

48 300 144 339 Capti
160 299 287 339 quando
302 299 425 339 possint
439 298 584 329 interfici.
605 299 649 329 iii.
665 300 712 336 11,
728 299 775 336 16,
791 301 808 329 1

48 351 165 389 Captio
185 352 403 380 Romanorum
427 350 578 379 adversus
602 350 849 389 Carthaginien-

85 411 145 430 ses.
166 401 200 431 ii.
215 401 263 437 16,
280 401 318 430 15

48 451 245 490 Captionum
262 450 418 488 exempla.
442 450 473 479 ii.
490 450 537 487 16,
552 450 580 486 5,
595 449 614 480 6

47 501 201 540 Captivus
224 501 305 530 idem
330 500 474 538 pluribus
496 500 634 538 pretium
657 499 772 529 debere
791 509 849 538 po-

86 554 161 581 test.
184 551 225 581 iii.
240 552 290 588 21,
307 550 356 580 26.
397 549 449 579 An
465 550 567 579 redire
579 550 705 586 debeat,
719 553 849 579 mortuo

86 610 124 630 eo
153 609 247 639 quem
274 600 428 629 redimere
462 600 607 629 debebat.
650 599 693 628 iii.
723 601 772 636 21,
799 601 850 630 30.

87 651 215 690 Captivi
233 651 423 689 promissum
448 650 487 679 de
509 650 615 679 reditu
636 649 668 678 in
692 659 849 679 carcerem

84 702 180 731 valet.
201 701 244 730 iii.
260 702 308 737 23,
323 701 352 731 6.
390 701 465 736 Res,
480 700 539 728 nisi
554 700 771 738 apprehensae,
785 709 850 728 non

85 751 304 790 acquiruntur.
326 750 368 779 iii.
384 751 432 786 21,
447 751 497 779 28.
535 749 679 784 Quorum
693 749 725 777 in
741 752 850 786 potes-

84 804 152 831 tate
166 810 250 830 nunc
264 801 338 829 sint.
359 800 401 829 iii.
417 800 445 835 7,
460 800 489 835 9,
503 800 533 830 2.
566 798 678 828 Occidi
692 798 766 828 belli
775 798 851 837 jure

84 855 228 891 possunt.
250 851 295 880 iii.
309 853 337 887 4,
353 852 402 881 10.
444 850 496 880 An
512 850 621 888 quovis
636 852 781 887 tempore
796 859 851 879 oc-

86 902 147 932 cidi
159 902 290 940 possint.
305 901 381 930 ibid.
411 900 463 929 De
480 900 624 938 Captivis
638 902 671 928 et
685 900 779 928 rebus
793 908 850 929 cur

85 952 265 991 specialiter
274 951 433 980 conveniri
442 951 565 980 debeat.
576 950 618 979 iii.
628 950 658 987 9,
670 951 735 985 4,3.
762 950 848 988 Cap-

84 1002 222 1031 tivorum
242 1001 407 1038 redemtio,
422 1000 628 1039 permutatio.
649 999 693 1030 iii.
709 1001 757 1036 14,
770 1000 802 1034 9,
818 1001 848 1030 1.

87 1052 191 1087 Quam
206 1051 397 1080 favorabilis.
413 1050 452 1078 iii.
471 1052 519 1087 21,
534 1051 585 1081 23.
606 1049 740 1086 Posteri,
755 1050 848 1079 servi.

84 1102 132 1131 iii.
146 1103 175 1140 7,
190 1103 219 1138 5,
234 1103 262 1131 2.
285 1100 527 1130 Redemtionem
543 1109 614 1138 quae
628 1102 738 1128 vetant
748 1099 849 1137 leges,

85 1161 126 1181 an
144 1151 252 1190 justae.
281 1150 325 1180 iii.
341 1151 389 1186 21,
404 1151 453 1179 24.
495 1149 587 1178 Bona
608 1149 755 1177 Romano
773 1148 848 1187 jure

84 1202 160 1231 fisco
175 1201 301 1237 cedunt,
326 1200 352 1229 si
366 1200 457 1229 heres
472 1199 579 1228 nullus
593 1198 644 1228 sit.
666 1198 708 1228 iii.
724 1199 752 1235 9,
766 1200 813 1235 10,
828 1200 849 1227 4

47 1252 170 1290 Captus
193 1251 247 1280 alii
270 1260 303 1279 se
326 1250 441 1279 dedere
466 1258 529 1278 non
552 1251 669 1287 potest.
693 1248 737 1278 iii.
752 1250 802 1286 23,
817 1248 846 1279 9.

85 1302 124 1331 111
139 1301 224 1330 bello
234 1301 323 1339 justo
339 1309 379 1329 an
392 1300 479 1329 licite
494 1299 610 1338 fugiat.
630 1299 672 1328 iii.
687 1300 736 1336 14,
750 1299 767 1329 7

47 1352 152 1390 Capta
173 1354 247 1380 actu
269 1350 383 1380 bellico
398 1359 533 1388 quorum
548 1349 626 1378 sint.
645 1349 688 1378 iii.
704 1348 733 1385 6,
752 1350 802 1386 14,
818 1349 848 1379 1.

84 1401 176 1431 Bello
190 1402 347 1439 quatenus
368 1399 560 1429 conscientia
577 1408 659 1437 pura
679 1399 848 1436 acquiran-

83 1454 138 1481 tur
162 1454 218 1481 aut
240 1451 449 1480 retineantur.
483 1449 526 1478 iii.
541 1450 589 1485 13,
609 1449 636 1484 1,
651 1449 680 1478 2.
723 1448 848 1487 Injusto

83 1511 147 1531 non
158 1501 239 1531 fiunt
255 1501 446 1540 capientium
457 1499 676 1538 jureinterno.
696 1497 740 1527 iii.
757 1498 804 1535 16,
817 1500 848 1530 1.

84 1551 248 1581 Prioribus
265 1550 401 1579 dominis
418 1548 555 1578 reddita.
576 1548 618 1578 iii.
635 1547 682 1584 16,
698 1549 727 1577 2.
768 1548 848 1578 Post

83 1610 196 1639 pacem
211 1600 322 1629 initam
337 1599 508 1629 reddenda.
530 1598 574 1629 iii.
590 1599 641 1633 20,
655 1599 695 1628 20

46 1651 144 1689 Capti
163 1651 248 1680 bello
263 1650 344 1680 servi
364 1649 446 1679 fiunt
466 1649 562 1678 etiam
584 1648 664 1677 citra
685 1647 847 1677 delictum.

84 1701 130 1731 iii.
144 1702 174 1737 7,
188 1702 217 1737 1,
231 1702 261 1731 2.
304 1700 494 1736 Censentur,
519 1699 573 1737 qui
595 1699 680 1728 intra
700 1698 849 1737 praesidia

84 1749 172 1778 ducti
187 1751 272 1777 sunt.
293 1747 370 1777 ibid.
413 1746 522 1776 Gratis
537 1745 667 1775 dimissi.
695 1746 739 1775 iii.
756 1747 803 1782 14,
817 1746 848 1782 9,

83 1799 113 1828 2.
156 1797 279 1833 Quibus
302 1796 520 1835 acquirantur.
540 1795 583 1824 iii.
598 1795 627 1832 7,
643 1795 672 1831 5,
686 1796 715 1825 4.
760 1795 847 1833 Cap-

83 1851 190 1878 torum
214 1847 299 1876 bello
320 1846 412 1876 liberi
431 1849 463 1876 et
484 1846 614 1884 posteri,
637 1855 677 1875 an
701 1846 791 1882 servi,
813 1849 847 1876 et

85 1900 253 1937 quatenus.
274 1896 317 1925 iii.
335 1896 364 1933 7,
383 1898 412 1933 2,
427 1895 454 1925 &
469 1897 498 1932 5,
513 1898 543 1925 2.
580 1895 691 1934 Captis
712 1905 845 1934 parcen-

84 1948 160 1976 dum
171 1947 203 1975 in
219 1946 316 1976 bello.
338 1946 381 1974 iii.
398 1947 446 1982 11,
458 1947 506 1980 13,
521 1947 550 1980 1,
561 1947 591 1976 3.
622 1944 847 1984 Exceptiones,

85 2006 157 2035 quae
171 1996 268 2033 vulgo
282 1998 394 2024 contra
408 1995 606 2024 adferuntur.
627 1995 671 2025 iii.
687 1997 735 2032 11,
750 1996 798 2032 16,
818 1998 846 2034 1,

84 2048 114 2076 5.
158 2046 243 2081 Quid
254 2045 444 2083 faciendum,
460 2044 515 2074 ubi
525 2045 659 2074 servitus
667 2045 699 2074 111
712 2055 771 2075 11511
782 2055 846 2076 11011

84 2099 144 2127 est.
164 2096 209 2126 iii.
224 2097 274 2132 14,
288 2096 308 2126 9

47 2147 253 2187 Captivitatis
262 2147 315 2185 jus
330 2146 425 2176 etiam
441 2146 557 2185 injuria
571 2146 697 2177 dicitur.
717 2147 759 2178 iii.
775 2148 804 2184 7,
817 2148 847 2185 6,

83 2201 116 2229 4.
156 2198 231 2227 Non
245 2200 294 2227 est
308 2197 362 2236 jus
383 2198 528 2236 gentium
547 2197 738 2228 universale.
758 2198 801 2228 iii.
817 2199 846 2235 7,

83 2248 113 2277 8.
158 2246 260 2281 Quale
274 2246 322 2275 his
336 2245 545 2284 temporibus.
566 2246 608 2275 iii.
623 2246 652 2282 7,
666 2246 697 2283 9,
714 2247 731 2275 1

48 2297 167 2336 Capuae
181 2297 317 2326 civitatis
332 2296 491 2326 interitus.
513 2297 545 2326 ii.
561 2296 590 2333 9,
604 2296 624 2327 6

48 2348 174 2378 Caritas
188 2357 245 2377 nos
259 2347 380 2386 obligat
394 2356 487 2385 saepe,
508 2349 545 2376 ut
565 2347 648 2376 clare
668 2347 846 2385 loquamur.

84 2397 128 2427 iii.
145 2398 173 2433 1,
189 2399 235 2433 10,
250 2399 278 2426 3.
303 2397 410 2426 Multa
423 2398 512 2425 vetat
521 2406 592 2434 quae
604 2396 724 2434 exjure
739 2396 848 2425 stricte

85 2449 191 2476 sumto
206 2446 273 2476 fieri
288 2449 431 2484 possunt.
452 2446 496 2476 iii.
512 2448 540 2483 1,
550 2448 580 2481 4,
596 2448 625 2483 2,
640 2445 668 2476 &
684 2456 753 2484 cap.
764 2448 794 2483 4,
809 2448 848 2476 13

48 2497 201 2527 Carnifex
222 2496 381 2534 quomodo
406 2496 446 2525 de
461 2496 589 2535 justitia
611 2496 778 2526 sententiae
800 2496 848 2525 in-

87 2546 268 2575 struendus.
289 2545 322 2574 ii.
337 2545 385 2581 26,
400 2546 430 2581 4,
444 2546 463 2575 9

48 2596 133 2626 Caro
148 2595 338 2624 imbecillam
350 2594 490 2632 corporis
501 2595 714 2626 conditionem
726 2595 846 2634 signifi-

87 2647 148 2674 cat.
171 2645 192 2673 i.
207 2645 235 2680 2,
251 2645 279 2680 8,
295 2644 333 2672 14

49 2693 222 2732 Carthago,
237 2693 320 2722 cives
333 2701 373 2721 an
390 2693 500 2722 urbem
511 2692 678 2730 significet.
701 2693 733 2722 ii.
750 2693 797 2729 16,
809 2694 848 2724 15

49 2743 198 2773 Castellae
212 2743 303 2781 regni
318 2742 483 2772 successio.
501 2742 532 2772 ii.
548 2743 578 2778 7,
594 2743 642 2778 22,
658 2744 686 2778 1,
700 2741 728 2771 ἂι
743 2744 792 2779 30,
806 2744 826 2772 3

48 2794 228 2833 Castigatio
242 2793 330 2822 utilis
344 2793 372 2822 ei
386 2793 440 2831 qui
454 2792 639 2830 castigatur.
661 2792 692 2821 ii.
709 2793 757 2828 20,
772 2793 800 2829 7,
815 2794 835 2821 2

48 2844 150 2874 Casus
176 2842 339 2881 improvisi
361 2843 585 2872 conductorem
609 2851 673 2871 non
698 2842 845 2872 liberant.

84 2893 118 2922 ii.
134 2894 183 2928 12,
197 2894 234 2922 18

49 2941 183 2973 catonis
198 2941 343 2972 Censorii
358 2941 459 2973 dolus.
481 2940 524 2970 iii.
543 2942 570 2978 1,
586 2941 632 2977 13,
648 2941 667 2970 2

1642 179 1725 221 415

921 300 1034 331 Causae
1049 301 1187 340 injustae,
1203 303 1236 332 et
1250 302 1411 339 suasoriae,
1435 304 1466 333 et
1482 302 1629 341 exempla
1643 303 1725 332 utri-

958 361 1068 390 usque.
1085 352 1118 382 ii.
1129 354 1158 390 1,
1170 354 1197 389 1,
1207 352 1234 382 &
1246 362 1314 391 cap.
1324 355 1373 388 22,
1383 355 1409 382 1.
1435 353 1642 391 Impellentes
1652 363 1724 391 quae

958 405 1124 440 peccatum
1136 407 1298 432 excusant.
1311 403 1342 432 ii.
1355 404 1403 439 20,
1414 403 1463 439 29,
1473 405 1502 432 1.
1524 403 1724 432 Abstrahen-

958 455 1007 482 tes
1021 462 1040 482 a
1054 456 1187 491 peccato
1203 463 1286 492 quae.
1306 453 1338 483 ii.
1353 455 1401 490 20,
1421 455 1469 483 30.
1507 453 1723 492 Dispensandi

957 502 1136 532 intrinsecae
1142 506 1174 532 et
1184 503 1378 533 extrinsecae.
1388 503 1420 532 ii.
1428 504 1476 539 20,
1485 502 1567 539 25,&
1576 503 1626 532 26.
1641 503 1723 532 Sub-

958 555 1124 582 nascentes
1138 552 1170 581 in
1185 553 1280 582 bello.
1304 553 1348 582 iii.
1362 554 1388 588 1,
1403 554 1432 588 3,
1448 552 1475 582 81
1492 562 1562 591 cap.
1578 555 1626 589 13,
1639 554 1669 590 3,
1684 555 1702 583 1

919 601 1031 631 Celare
1047 603 1123 640 quid
1139 602 1179 631 sit
1192 602 1224 631 in
1240 602 1466 632 contractibus,
1488 603 1520 633 ii.
1536 604 1583 639 12,
1596 604 1616 634 9

920 651 1051 690 Cepisse
1065 653 1149 682 bello
1169 662 1236 682 rem
1260 653 1388 692 quando
1413 654 1483 692 quis
1508 653 1642 683 dicatur.
1677 653 1722 684 iii.

958 703 989 736 6,
1004 705 1023 733 3

920 752 1091 783 Certamen
1107 754 1268 793 singulare
1280 765 1319 784 an
1335 756 1583 794 permittendum
1598 755 1639 785 ad
1652 755 1722 785 bel-

958 803 1025 832 lum
1040 804 1218 835 vitandum.
1240 806 1270 835 ii.
1286 808 1336 843 23,
1350 808 1388 835 10

920 853 1106 883 Certamina
1120 858 1207 884 certo
1222 865 1354 885 numero
1369 865 1408 885 an
1424 856 1523 886 licita.
1550 856 1593 886 iii.
1610 857 1659 893 20,
1672 857 1721 893 43,

958 905 985 940 1,
999 904 1019 932 5

920 953 1036 983 Certus
1051 963 1114 983 non
1130 957 1178 984 est
1193 955 1421 986 certiorandus.
1441 955 1476 986 ii.
1491 957 1538 993 12,
1554 957 1584 992 9,
1599 957 1619 986 3

919 1004 1135 1043 Chirographi
1162 1006 1385 1035 Thessalorum
1415 1007 1641 1037 controversia.
1674 1007 1718 1037 iii.

956 1057 985 1092 8,
1000 1057 1028 1092 4,
1043 1057 1073 1092 2,
1091 1055 1118 1085 81,
1136 1066 1205 1095 cap.
1221 1057 1251 1094 9,
1265 1058 1295 1093 9,
1308 1060 1325 1086 1

918 1104 1065 1135 Christus
1084 1115 1148 1135 non
1172 1110 1220 1136 est
1242 1110 1369 1136 tantum
1388 1108 1546 1146 interpres
1567 1108 1649 1147 legis
1663 1117 1720 1148 per

956 1155 1078 1185 Mosem
1095 1156 1188 1185 datae.
1210 1156 1229 1186 i.
1245 1158 1274 1193 2,
1289 1157 1316 1193 6,
1331 1158 1351 1186 3

918 1202 1039 1233 Christi
1057 1204 1143 1233 facta
1161 1213 1225 1233 non
1244 1205 1351 1234 omnia
1370 1214 1427 1234 nos
1448 1205 1488 1235 ad
1508 1205 1719 1236 imitationem

956 1252 1112 1290 obligant.
1135 1253 1154 1282 i.
1171 1255 1200 1289 3,
1214 1255 1242 1290 3,
1257 1256 1277 1284 8

918 1301 1091 1332 Christiani
1112 1312 1175 1332 non
1193 1304 1380 1334 restiterunt
1401 1305 1492 1334 malis
1511 1305 1720 1344 Imperatori-

956 1353 1028 1389 bus,
1050 1354 1145 1383 etiam
1169 1364 1240 1383 cum
1261 1358 1435 1393 praetextus
1449 1359 1532 1386 esset
1546 1357 1720 1395 probabilis

955 1403 1135 1434 resistendi.
1156 1404 1175 1434 i.
1190 1406 1219 1441 4,
1233 1405 1264 1434 5.
1287 1405 1308 1434 J
1310 1409 1444 1435 urarunt
1458 1415 1516 1444 per
1529 1416 1580 1436 res
1594 1410 1718 1436 creatas

956 1462 1026 1482 cum
1042 1456 1190 1492 respectu
1203 1456 1243 1484 ad
1257 1455 1373 1486 Deum.
1394 1456 1426 1486 ii.
1441 1458 1489 1493 13,
1499 1459 1546 1494 11,
1556 1459 1586 1487 2.
1610 1457 1719 1487 Etiam

956 1503 1023 1532 sine
1040 1504 1136 1533 armis
1150 1504 1299 1534 militant.
1320 1506 1352 1535 ii.
1367 1506 1415 1543 26,
1430 1507 1460 1542 5,
1476 1509 1505 1536 2.
1553 1507 1720 1537 Tenentur

955 1553 1074 1582 auxilio
1100 1563 1167 1583 esse
1191 1554 1380 1586 Christianis
1402 1557 1658 1596 periclitantibus
1677 1558 1718 1587 ob

955 1603 1155 1641 religionem.
1176 1604 1208 1635 ii.
1222 1607 1269 1642 15,
1287 1607 1325 1634 12

918 1652 1107 1683 Christianis
1127 1664 1168 1683 an
1191 1656 1338 1685 resistere
1358 1656 1573 1694 superioribus
1586 1658 1719 1696 permit-

954 1707 1042 1733 tatur
1061 1705 1093 1733 in
1114 1714 1237 1734 summa
1256 1707 1455 1737 necessitate.
1476 1707 1497 1736 i.
1513 1710 1542 1745 4,
1556 1710 1587 1744 5,
1603 1708 1631 1738 &
1647 1718 1717 1748 cap.

954 1756 984 1793 4,
997 1755 1024 1790 7,
1034 1756 1063 1784 8.
1086 1755 1220 1785 Veteres
1234 1756 1329 1785 etiam
1343 1757 1376 1785 in
1392 1766 1515 1787 summa
1529 1759 1718 1789 necessitate

953 1814 1017 1834 non
1031 1806 1229 1843 restiterunt,
1244 1817 1315 1836 cum
1330 1812 1471 1846 possent.
1486 1809 1506 1839 i.
1521 1811 1550 1846 4,
1562 1810 1590 1846 7,
1599 1810 1628 1847 9,
1640 1810 1667 1840 δῦ
1679 1812 1718 1841 14

916 1854 1169 1884 Christianorum
1184 1856 1288 1885 foedus
1302 1857 1386 1887 inter
1399 1867 1448 1895 se;
1471 1859 1538 1898 ejus
1553 1861 1718 1899 obligatio.

953 1905 987 1934 ii.
1003 1906 1050 1940 15,
1066 1907 1115 1935 12.
1130 1905 1284 1935 Veterum
1299 1909 1459 1937 sententia
1473 1910 1512 1938 de
1520 1909 1716 1947 juramento.

953 1955 984 1985 11.
1003 1957 1051 1992 13,
1073 1957 1122 1993 21,
1141 1957 1169 1993 1,
1189 1958 1220 1993 4,
1239 1957 1270 1987 6.
1311 1958 1384 1987 Mos
1409 1959 1493 1988 circa
1518 1964 1639 1999 captos.
1673 1962 1718 1995 iii.

954 2006 982 2043 7,
997 2007 1026 2044 9,
1042 2008 1060 2036 2

916 2056 1114 2086 Christianos
1128 2066 1168 2085 an
1184 2056 1296 2086 deceat
1317 2066 1355 2087 ex
1375 2059 1484 2096 praeda
1499 2063 1656 2098 quaestum
1670 2062 1718 2092 fa-

953 2115 1034 2136 cere.
1055 2106 1098 2135 iii.
1116 2108 1164 2143 18,
1178 2108 1198 2136 4

915 2156 1106 2186 Circumcidi
1142 2158 1316 2188 Christiani
1346 2168 1388 2188 an
1414 2160 1588 2198 potuerint.
1621 2161 1667 2192 iii.
1689 2164 1718 2200 1,

953 2209 972 2236 8
1002 2209 1021 2237 3

916 2230 1121 2276 Cir’cumcisio
1145 2248 1186 2276 ad
1210 2257 1290 2286 quos
1314 2249 1450 2287 populos
1473 2250 1672 2289 pertinuerit.
1694 2251 1718 2284 i.

952 2299 980 2334 1,
997 2297 1044 2334 16,
1057 2299 1086 2328 5.
1110 2298 1195 2327 Olim
1207 2299 1315 2328 multis
1326 2300 1452 2337 populis
1464 2310 1520 2329 cur
1531 2302 1717 2331 necessaria.

954 2348 976 2377 i.
992 2350 1019 2384 1,
1035 2347 1083 2385 16,
1098 2349 1130 2378 3.
1169 2347 1221 2377 Ab
1241 2349 1400 2378 extraneis
1419 2353 1534 2388 sponte
1556 2354 1716 2389 suscepta,

955 2400 988 2427 et
1002 2406 1109 2435 quare.
1132 2397 1152 2426 i.
1171 2399 1199 2433 1,
1214 2397 1262 2433 16,
1277 2397 1296 2428 6

918 2445 1038 2476 Citatio
1062 2446 1094 2474 in
1116 2445 1194 2475 locis
1216 2455 1281 2474 non
1303 2447 1393 2476 tutis.
1416 2447 1463 2478 iii.
1476 2448 1506 2485 3,
1521 2449 1570 2479 14.
1610 2449 1651 2479 111
1665 2459 1717 2480 re.

955 2496 1125 2534 pressaliis.
1147 2496 1190 2524 iii.
1206 2497 1234 2532 2,
1249 2497 1277 2532 7,
1291 2498 1311 2526 3

916 2545 1005 2576 Civis
1019 2555 1129 2575 eorum
1145 2546 1216 2584 capi
1234 2548 1351 2584 potest,
1373 2547 1427 2585 qui
1450 2551 1593 2578 nostrum
1614 2550 1715 2581 civem

952 2596 1067 2635 injuria
1087 2596 1243 2626 detinent.
1272 2596 1316 2626 iii.
1330 2598 1359 2633 2,
1378 2599 1409 2632 3,
1425 2599 1454 2627 5.
1495 2599 1653 2630 Innocens
1673 2611 1715 2630 an

948 2646 1036 2684 juste
1058 2646 1130 2675 dedi
1152 2646 1265 2685 possit,
1282 2649 1320 2676 ut
1341 2647 1497 2678 excidium
1518 2650 1649 2681 vitetur.
1680 2652 1714 2681 11.

953 2696 1002 2731 25,
1016 2696 1046 2732 3,
1063 2697 1093 2729 1,
1107 2696 1128 2723 4

917 2744 1041 2773 Civium
1057 2747 1089 2773 et
1102 2753 1263 2773 servorum
1278 2745 1466 2776 differentia.
1486 2747 1529 2778 iii.
1545 2749 1574 2786 8,
1588 2751 1609 2779 2

916 2793 1009 2822 Cives
1023 2792 1160 2821 Romani
1175 2802 1238 2831 quo
1254 2803 1348 2823 sensu
1362 2796 1508 2826 dicantur
1522 2799 1576 2836 qui
1590 2799 1622 2828 in
1637 2800 1714 2831 orbe

953 2842 1100 2871 Romano
1122 2842 1242 2876 vivunt.
1275 2844 1308 2873 ii.
1323 2844 1352 2881 9,
1368 2847 1463 2882 11,2.
1505 2848 1640 2883 Quando
1658 2850 1713 2888 jus

952 2891 1059 2920 damni
1072 2893 1237 2930 repetendi
1251 2893 1389 2924 habeant
1401 2897 1434 2925 in
1443 2898 1658 2936 magistratus.
1679 2900 1713 2931 ii.

955 2939 1002 2975 17,
1016 2939 1046 2967 3.
1091 2939 1144 2969 An
1163 2941 1332 2973 abscedere
1346 2951 1366 2972 a
1380 2943 1508 2976 civitate
1521 2947 1654 2985 possint.
1677 2947 1709 2978 ii.
