<?xml version="1.0" encoding="UTF-8"?>
<!DOCTYPE html PUBLIC "-//W3C//DTD XHTML 1.0 Transitional//EN"
    "http://www.w3.org/TR/xhtml1/DTD/xhtml1-transitional.dtd">
<html xmlns="http://www.w3.org/1999/xhtml" xml:lang="en" lang="en">
 <head>
  <title>
</title>
<meta http-equiv="Content-Type" content="text/html;charset=utf-8" />
  <meta name='ocr-system' content='tesseract 3.04.00' />
  <meta name='ocr-capabilities' content='ocr_page ocr_carea ocr_par ocr_line ocrx_word'/>
</head>
<body>
  <div class='ocr_page' id='page_1' title='image "./dejurebellietpac03grotuoft_0417.png"; bbox 0 0 1971 3326; ppageno 0'>
   <div class='ocr_carea' id='block_1_1' title="bbox 162 142 1634 194">
    <p class='ocr_par' dir='ltr' id='par_1_1' title="bbox 162 142 1634 194">
     <span class='ocr_line' id='line_1_1' title="bbox 162 142 1634 194; baseline 0.01 -16"><span class='ocrx_word' id='word_1_1' title='bbox 162 142 251 179; x_wconf 78' lang='lat' dir='ltr'>CAP.</span> <span class='ocrx_word' id='word_1_2' title='bbox 271 143 413 188; x_wconf 62' lang='lat' dir='ltr'>XXV]</span> <span class='ocrx_word' id='word_1_3' title='bbox 619 147 687 183; x_wconf 81' lang='lat' dir='ltr'>AD</span> <span class='ocrx_word' id='word_1_4' title='bbox 719 148 883 184; x_wconf 87' lang='lat' dir='ltr'><strong>FIDEM</strong></span> <span class='ocrx_word' id='word_1_5' title='bbox 912 150 978 185; x_wconf 90' lang='lat' dir='ltr'>ET</span> <span class='ocrx_word' id='word_1_6' title='bbox 1008 150 1192 189; x_wconf 86' lang='lat' dir='ltr'><strong>PACEM.</strong></span> <span class='ocrx_word' id='word_1_7' title='bbox 1550 151 1634 194; x_wconf 76' lang='lat'>407</span> 
     </span>
    </p>
   </div>
   <div class='ocr_carea' id='block_1_2' title="bbox 144 251 1830 1588">
    <p class='ocr_par' dir='ltr' id='par_1_2' title="bbox 152 251 1814 843">
     <span class='ocr_line' id='line_1_2' title="bbox 161 251 1629 320; baseline 0.012 -27"><span class='ocrx_word' id='word_1_8' title='bbox 161 251 317 295; x_wconf 82' lang='lat' dir='ltr'>utilitas</span> <span class='ocrx_word' id='word_1_9' title='bbox 340 253 521 298; x_wconf 89' lang='lat' dir='ltr'>humana</span> <span class='ocrx_word' id='word_1_10' title='bbox 552 256 696 299; x_wconf 89' lang='lat' dir='ltr'>eodem</span> <span class='ocrx_word' id='word_1_11' title='bbox 721 259 878 303; x_wconf 82' lang='lat' dir='ltr'>trahit:</span> <span class='ocrx_word' id='word_1_12' title='bbox 913 260 1093 317; x_wconf 87' lang='lat' dir='ltr'>primum</span> <span class='ocrx_word' id='word_1_13' title='bbox 1117 277 1187 306; x_wconf 89' lang='lat' dir='ltr'>eos</span> <span class='ocrx_word' id='word_1_14' title='bbox 1211 264 1283 320; x_wconf 85' lang='lat' dir='ltr'>qui</span> <span class='ocrx_word' id='word_1_15' title='bbox 1307 265 1441 309; x_wconf 88' lang='lat' dir='ltr'>minus</span> <span class='ocrx_word' id='word_1_16' title='bbox 1465 267 1629 311; x_wconf 88' lang='lat' dir='ltr'>valent:</span> 
     </span>
     <span class='ocr_line' id='line_1_3' title="bbox 160 317 1631 384; baseline 0.013 -25"><span class='ocrx_word' id='word_1_17' title='bbox 160 317 256 374; x_wconf 80' lang='lat' dir='ltr'>quia</span> <span class='ocrx_word' id='word_1_18' title='bbox 278 320 550 376; x_wconf 83' lang='lat' dir='ltr'>periculosum</span> <span class='ocrx_word' id='word_1_19' title='bbox 574 329 636 367; x_wconf 87' lang='lat' dir='ltr'>est</span> <span class='ocrx_word' id='word_1_20' title='bbox 659 324 826 383; x_wconf 86' lang='lat' dir='ltr'>longum</span> <span class='ocrx_word' id='word_1_21' title='bbox 859 342 950 369; x_wconf 86' lang='lat' dir='ltr'>cum</span> <span class='ocrx_word' id='word_1_22' title='bbox 982 328 1210 372; x_wconf 83' lang='lat' dir='ltr'>valentiore</span> <span class='ocrx_word' id='word_1_23' title='bbox 1242 336 1463 384; x_wconf 84' lang='lat' dir='ltr'>certamen,</span> <span class='ocrx_word' id='word_1_24' title='bbox 1496 340 1550 384; x_wconf 85' lang='lat' dir='ltr'>et,</span> <span class='ocrx_word' id='word_1_25' title='bbox 1584 342 1631 378; x_wconf 91' lang='lat' dir='ltr'>ut</span> 
     </span>
     <span class='ocr_line' id='line_1_4' title="bbox 160 383 1630 455; baseline 0.012 -29"><span class='ocrx_word' id='word_1_26' title='bbox 160 383 203 426; x_wconf 86' lang='lat' dir='ltr'>in</span> <span class='ocrx_word' id='word_1_27' title='bbox 233 386 329 429; x_wconf 90' lang='lat' dir='ltr'>navi</span> <span class='ocrx_word' id='word_1_28' title='bbox 355 387 414 438; x_wconf 89' lang='lat' dir='ltr'>fit,</span> <span class='ocrx_word' id='word_1_29' title='bbox 441 388 608 444; x_wconf 83' lang='lat' dir='ltr'>jactura</span> <span class='ocrx_word' id='word_1_30' title='bbox 638 391 776 448; x_wconf 86' lang='lat' dir='ltr'>aliqua</span> <span class='ocrx_word' id='word_1_31' title='bbox 808 394 1048 437; x_wconf 89' lang='lat' dir='ltr'>redimenda</span> <span class='ocrx_word' id='word_1_32' title='bbox 1074 396 1204 453; x_wconf 86' lang='lat' dir='ltr'>major</span> <span class='ocrx_word' id='word_1_33' title='bbox 1226 398 1448 455; x_wconf 79' lang='lat' dir='ltr'>calamitas,</span> <span class='ocrx_word' id='word_1_34' title='bbox 1483 401 1630 444; x_wconf 85' lang='lat' dir='ltr'>omissa</span> 
     </span>
     <span class='ocr_line' id='line_1_5' title="bbox 159 450 1814 514; baseline 0.012 -21"><span class='ocrx_word' id='word_1_35' title='bbox 159 450 223 493; x_wconf 87' lang='lat' dir='ltr'>ira</span> <span class='ocrx_word' id='word_1_36' title='bbox 246 467 294 494; x_wconf 88' lang='lat' dir='ltr'>ac</span> <span class='ocrx_word' id='word_1_37' title='bbox 317 468 390 510; x_wconf 86' lang='lat' dir='ltr'>spe</span> <span class='ocrx_word' id='word_1_38' title='bbox 413 455 635 507; x_wconf 79' lang='lat' dir='ltr'>fallacibus,</span> <span class='ocrx_word' id='word_1_39' title='bbox 671 464 719 500; x_wconf 90' lang='lat' dir='ltr'>ut</span> <span class='ocrx_word' id='word_1_40' title='bbox 748 465 861 502; x_wconf 87' lang='lat' dir='ltr'>recte</span> <span class='ocrx_word' id='word_1_41' title='bbox 886 460 1027 503; x_wconf 87' lang='lat' dir='ltr'>Livius</span> <span class='ocrx_word' id='word_1_42' title='bbox 1052 462 1168 514; x_wconf 76' lang='lat' dir='ltr'>dixit,</span> <span class='ocrx_word' id='word_1_43' title='bbox 1193 465 1442 509; x_wconf 82' lang='lat' dir='ltr'>auctoribus.</span> <span class='ocrx_word' id='word_1_44' title='bbox 1505 467 1628 510; x_wconf 83' lang='lat' dir='ltr'>Hunc</span> <span class='ocrx_word' id='word_1_45' title='bbox 1646 476 1706 503; x_wconf 80' lang='lat' dir='ltr'>Lib·</span> <span class='ocrx_word' id='word_1_46' title='bbox 1719 485 1764 504; x_wconf 82' lang='lat' dir='ltr'>vu</span> <span class='ocrx_word' id='word_1_47' title='bbox 1777 480 1814 504; x_wconf 76' lang='lat'>40·</span> 
     </span>
     <span class='ocr_line' id='line_1_6' title="bbox 160 515 1628 593; baseline 0.014 -34"><span class='ocrx_word' id='word_1_48' title='bbox 160 532 324 561; x_wconf 84' lang='lat' dir='ltr'>sensum</span> <span class='ocrx_word' id='word_1_49' title='bbox 345 515 618 574; x_wconf 78' lang='lat' dir='ltr'>bAristoteles</span> <span class='ocrx_word' id='word_1_50' title='bbox 641 524 698 566; x_wconf 85' lang='lat' dir='ltr'>sio</span> <span class='ocrx_word' id='word_1_51' title='bbox 721 526 908 568; x_wconf 83' lang='lat' dir='ltr'>enuntiat</span> <span class='ocrx_word' id='word_1_52' title='bbox 927 543 936 569; x_wconf 73' lang='grc' dir='ltr'><strong>ε</strong></span> <span class='ocrx_word' id='word_1_53' title='bbox 962 530 1167 588; x_wconf 79' lang='grc' dir='ltr'>κρεῖττον</span> <span class='ocrx_word' id='word_1_54' title='bbox 1190 531 1283 578; x_wconf 78' lang='grc' dir='ltr'>τοῖς</span> <span class='ocrx_word' id='word_1_55' title='bbox 1304 534 1529 593; x_wconf 78' lang='grc' dir='ltr'>κρείττοσι</span> <span class='ocrx_word' id='word_1_56' title='bbox 1553 531 1628 588; x_wconf 82' lang='grc' dir='ltr'>μέ-</span> 
     </span>
     <span class='ocr_line' id='line_1_7' title="bbox 158 587 1627 660; baseline 0.012 -32"><span class='ocrx_word' id='word_1_57' title='bbox 158 604 232 645; x_wconf 82' lang='grc' dir='ltr'>ρος</span> <span class='ocrx_word' id='word_1_58' title='bbox 267 605 313 629; x_wconf 79' lang='grc' dir='ltr'>τι</span> <span class='ocrx_word' id='word_1_59' title='bbox 345 589 434 631; x_wconf 78' lang='grc' dir='ltr'>τῶν</span> <span class='ocrx_word' id='word_1_60' title='bbox 465 587 754 650; x_wconf 71' lang='grc' dir='ltr'>ὑπαρχόντων</span> <span class='ocrx_word' id='word_1_61' title='bbox 788 589 1019 652; x_wconf 75' lang='grc' dir='ltr'><em>προέσθαι,</em></span> <span class='ocrx_word' id='word_1_62' title='bbox 1057 591 1082 647; x_wconf 78' lang='grc' dir='ltr'>ἢ</span> <span class='ocrx_word' id='word_1_63' title='bbox 1117 594 1297 656; x_wconf 76' lang='grc' dir='ltr'>πολέμῳ</span> <span class='ocrx_word' id='word_1_64' title='bbox 1329 598 1627 660; x_wconf 78' lang='grc' dir='ltr'>κρατηθέντας</span> 
     </span>
     <span class='ocr_line' id='line_1_8' title="bbox 159 648 1626 724; baseline 0.012 -30"><span class='ocrx_word' id='word_1_65' title='bbox 159 648 315 699; x_wconf 56' lang='lat' dir='ltr'>cuj-rods*</span> <span class='ocrx_word' id='word_1_66' title='bbox 340 652 490 699; x_wconf 72' lang='grc' dir='ltr'>αὐτοῖς</span> <span class='ocrx_word' id='word_1_67' title='bbox 513 655 736 715; x_wconf 82' lang='grc' dir='ltr'>χρήμασιν</span> <span class='ocrx_word' id='word_1_68' title='bbox 764 655 1033 704; x_wconf 80' lang='grc' dir='ltr'>οἷπολέσθαι·</span> <span class='ocrx_word' id='word_1_69' title='bbox 1068 665 1211 706; x_wconf 76' lang='lat' dir='ltr'>satius</span> <span class='ocrx_word' id='word_1_70' title='bbox 1234 674 1294 707; x_wconf 57' lang='lat' dir='ltr'>es&amp;</span> <span class='ocrx_word' id='word_1_71' title='bbox 1317 667 1398 715; x_wconf 73' lang='lat' dir='ltr'>his,</span> <span class='ocrx_word' id='word_1_72' title='bbox 1424 670 1501 721; x_wconf 72' lang='lat' dir='ltr'>qui</span> <span class='ocrx_word' id='word_1_73' title='bbox 1520 670 1626 724; x_wconf 75' lang='lat' dir='ltr'>plus</span> 
     </span>
     <span class='ocr_line' id='line_1_9' title="bbox 152 719 1625 787; baseline 0.013 -28"><span class='ocrx_word' id='word_1_74' title='bbox 152 719 328 772; x_wconf 75' lang='lat' dir='ltr'>pollent,</span> <span class='ocrx_word' id='word_1_75' title='bbox 355 722 527 777; x_wconf 75' lang='lat' dir='ltr'>aliquid</span> <span class='ocrx_word' id='word_1_76' title='bbox 549 737 698 765; x_wconf 79' lang='lat' dir='ltr'>rerum</span> <span class='ocrx_word' id='word_1_77' title='bbox 720 739 905 767; x_wconf 75' lang='lat' dir='ltr'>suarum</span> <span class='ocrx_word' id='word_1_78' title='bbox 930 727 1184 783; x_wconf 74' lang='lat' dir='ltr'>relinquere,</span> <span class='ocrx_word' id='word_1_79' title='bbox 1207 746 1338 787; x_wconf 72' lang='lat' dir='ltr'>quam</span> <span class='ocrx_word' id='word_1_80' title='bbox 1364 734 1467 776; x_wconf 83' lang='lat' dir='ltr'>bello</span> <span class='ocrx_word' id='word_1_81' title='bbox 1491 737 1625 778; x_wconf 74' lang='lat' dir='ltr'>victos</span> 
     </span>
     <span class='ocr_line' id='line_1_10' title="bbox 156 788 576 843; baseline 0.014 -18"><span class='ocrx_word' id='word_1_82' title='bbox 156 799 253 826; x_wconf 82' lang='lat' dir='ltr'>cum</span> <span class='ocrx_word' id='word_1_83' title='bbox 276 788 400 829; x_wconf 73' lang='lat' dir='ltr'>rebus</span> <span class='ocrx_word' id='word_1_84' title='bbox 414 790 576 843; x_wconf 77' lang='lat' dir='ltr'>perire.</span> 
     </span>
    </p>

    <p class='ocr_par' dir='ltr' id='par_1_3' title="bbox 144 852 1830 1588">
     <span class='ocr_line' id='line_1_11' title="bbox 255 852 1622 918; baseline 0.012 -24"><span class='ocrx_word' id='word_1_85' title='bbox 255 852 306 895; x_wconf 88' lang='lat' dir='ltr'>V.</span> <span class='ocrx_word' id='word_1_86' title='bbox 365 853 449 896; x_wconf 82' lang='lat' dir='ltr'>Sed</span> <span class='ocrx_word' id='word_1_87' title='bbox 470 860 513 897; x_wconf 91' lang='lat' dir='ltr'>et</span> <span class='ocrx_word' id='word_1_88' title='bbox 536 869 605 898; x_wconf 86' lang='lat' dir='ltr'>eos</span> <span class='ocrx_word' id='word_1_89' title='bbox 628 856 699 912; x_wconf 86' lang='lat' dir='ltr'>qui</span> <span class='ocrx_word' id='word_1_90' title='bbox 723 857 942 901; x_wconf 83' lang='lat' dir='ltr'>validiores</span> <span class='ocrx_word' id='word_1_91' title='bbox 963 864 1058 902; x_wconf 86' lang='lat' dir='ltr'>sunt</span> <span class='ocrx_word' id='word_1_92' title='bbox 1077 877 1085 903; x_wconf 94' lang='lat'>:</span> <span class='ocrx_word' id='word_1_93' title='bbox 1122 862 1219 918; x_wconf 88' lang='lat' dir='ltr'>quia</span> <span class='ocrx_word' id='word_1_94' title='bbox 1240 863 1356 906; x_wconf 88' lang='lat' dir='ltr'>bonis</span> <span class='ocrx_word' id='word_1_95' title='bbox 1380 865 1463 908; x_wconf 89' lang='lat' dir='ltr'>suis</span> <span class='ocrx_word' id='word_1_96' title='bbox 1486 867 1622 918; x_wconf 86' lang='lat' dir='ltr'>rebus,</span> 
     </span>
     <span class='ocr_line' id='line_1_12' title="bbox 153 917 1830 987; baseline 0.012 -28"><span class='ocrx_word' id='word_1_97' title='bbox 153 922 201 959; x_wconf 90' lang='lat' dir='ltr'>ut</span> <span class='ocrx_word' id='word_1_98' title='bbox 234 917 343 961; x_wconf 87' lang='lat' dir='ltr'>idem</span> <span class='ocrx_word' id='word_1_99' title='bbox 369 919 511 963; x_wconf 90' lang='lat' dir='ltr'>Livius</span> <span class='ocrx_word' id='word_1_100' title='bbox 542 936 625 964; x_wconf 91' lang='lat' dir='ltr'>non</span> <span class='ocrx_word' id='word_1_101' title='bbox 654 923 786 966; x_wconf 86' lang='lat' dir='ltr'>minus</span> <span class='ocrx_word' id='word_1_102' title='bbox 810 940 909 967; x_wconf 86' lang='lat' dir='ltr'>vere</span> <span class='ocrx_word' id='word_1_103' title='bbox 945 926 1017 976; x_wconf 87' lang='lat' dir='ltr'>ait,</span> <span class='ocrx_word' id='word_1_104' title='bbox 1053 929 1192 985; x_wconf 89' lang='lat' dir='ltr'>ampla</span> <span class='ocrx_word' id='word_1_105' title='bbox 1227 945 1275 972; x_wconf 88' lang='lat' dir='ltr'>ac</span> <span class='ocrx_word' id='word_1_106' title='bbox 1309 931 1493 987; x_wconf 84' lang='lat' dir='ltr'>speciosa</span> <span class='ocrx_word' id='word_1_107' title='bbox 1524 934 1624 976; x_wconf 88' lang='lat' dir='ltr'>dan·</span> <span class='ocrx_word' id='word_1_108' title='bbox 1641 941 1830 969; x_wconf 72' lang='lat' dir='ltr'>Lib-xxx-30-</span> 
     </span>
     <span class='ocr_line' id='line_1_13' title="bbox 150 983 1620 1053; baseline 0.012 -28"><span class='ocrx_word' id='word_1_109' title='bbox 150 983 262 1026; x_wconf 85' lang='lat' dir='ltr'>tibus</span> <span class='ocrx_word' id='word_1_110' title='bbox 298 999 381 1041; x_wconf 84' lang='lat' dir='ltr'>pax</span> <span class='ocrx_word' id='word_1_111' title='bbox 419 992 506 1030; x_wconf 90' lang='lat' dir='ltr'>est:</span> <span class='ocrx_word' id='word_1_112' title='bbox 552 1003 601 1031; x_wconf 88' lang='lat' dir='ltr'>ac</span> <span class='ocrx_word' id='word_1_113' title='bbox 641 990 786 1033; x_wconf 84' lang='lat' dir='ltr'>melior</span> <span class='ocrx_word' id='word_1_114' title='bbox 822 992 1032 1049; x_wconf 83' lang='lat' dir='ltr'>tutiorque</span> <span class='ocrx_word' id='word_1_115' title='bbox 1072 1010 1195 1050; x_wconf 85' lang='lat' dir='ltr'>quam</span> <span class='ocrx_word' id='word_1_116' title='bbox 1232 1004 1399 1053; x_wconf 86' lang='lat' dir='ltr'>sperata</span> <span class='ocrx_word' id='word_1_117' title='bbox 1439 999 1620 1044; x_wconf 87' lang='lat' dir='ltr'>victoria.</span> 
     </span>
     <span class='ocr_line' id='line_1_14' title="bbox 153 1050 1619 1119; baseline 0.013 -28"><span class='ocrx_word' id='word_1_118' title='bbox 153 1050 409 1108; x_wconf 87' lang='lat' dir='ltr'>Cogitandus</span> <span class='ocrx_word' id='word_1_119' title='bbox 438 1054 546 1096; x_wconf 89' lang='lat' dir='ltr'>enim</span> <span class='ocrx_word' id='word_1_120' title='bbox 578 1056 695 1098; x_wconf 87' lang='lat' dir='ltr'>Mars</span> <span class='ocrx_word' id='word_1_121' title='bbox 727 1059 975 1102; x_wconf 85' lang='lat' dir='ltr'>communis:</span> <span class='ocrx_word' id='word_1_122' title='bbox 1012 1054 1236 1119; x_wconf 72' lang='grc' dir='ltr'>διεξιτέον,</span> <span class='ocrx_word' id='word_1_123' title='bbox 1269 1064 1328 1106; x_wconf 84' lang='lat' dir='ltr'>ait</span> <span class='ocrx_word' id='word_1_124' title='bbox 1361 1065 1619 1118; x_wconf 87' lang='lat' dir='ltr'>Aristoteles,</span> 
     </span>
     <span class='ocr_line' id='line_1_15' title="bbox 151 1114 1620 1193; baseline 0.013 -34"><span class='ocrx_word' id='word_1_125' title='bbox 151 1114 232 1164; x_wconf 67' lang='grc' dir='ltr'>τὰς</span> <span class='ocrx_word' id='word_1_126' title='bbox 265 1118 519 1176; x_wconf 73' lang='grc' dir='ltr'>μεταβολὰς</span> <span class='ocrx_word' id='word_1_127' title='bbox 555 1119 637 1167; x_wconf 71' lang='grc' dir='ltr'>τοὶς</span> <span class='ocrx_word' id='word_1_128' title='bbox 675 1120 720 1167; x_wconf 81' lang='grc' dir='ltr'>ἐν</span> <span class='ocrx_word' id='word_1_129' title='bbox 755 1121 936 1183; x_wconf 70' lang='grc' dir='ltr'>πολέμῳ</span> <span class='ocrx_word' id='word_1_130' title='bbox 975 1123 1028 1173; x_wconf 71' lang='grc' dir='ltr'>αἷς</span> <span class='ocrx_word' id='word_1_131' title='bbox 1061 1129 1228 1173; x_wconf 72' lang='grc' dir='ltr'>πολλαὶ</span> <span class='ocrx_word' id='word_1_132' title='bbox 1261 1133 1330 1174; x_wconf 79' lang='grc' dir='ltr'>καὶ</span> <span class='ocrx_word' id='word_1_133' title='bbox 1364 1129 1620 1193; x_wconf 66' lang='grc' dir='ltr'>παράλογοι</span> 
     </span>
     <span class='ocr_line' id='line_1_16' title="bbox 150 1185 1620 1256; baseline 0.012 -30"><span class='ocrx_word' id='word_1_134' title='bbox 150 1185 366 1241; x_wconf 60' lang='grc' dir='ltr'>γίνονται·</span> <span class='ocrx_word' id='word_1_135' title='bbox 399 1189 677 1243; x_wconf 66' lang='lat' dir='ltr'>coyitandum</span> <span class='ocrx_word' id='word_1_136' title='bbox 702 1191 750 1232; x_wconf 72' lang='lat' dir='ltr'>in</span> <span class='ocrx_word' id='word_1_137' title='bbox 773 1193 877 1234; x_wconf 80' lang='lat' dir='ltr'>bello</span> <span class='ocrx_word' id='word_1_138' title='bbox 902 1208 1033 1248; x_wconf 75' lang='lat' dir='ltr'>quam</span> <span class='ocrx_word' id='word_1_139' title='bbox 1051 1197 1200 1238; x_wconf 80' lang='lat' dir='ltr'>multce</span> <span class='ocrx_word' id='word_1_140' title='bbox 1223 1213 1437 1252; x_wconf 71' lang='lat' dir='ltr'>quamque</span> <span class='ocrx_word' id='word_1_141' title='bbox 1461 1201 1620 1256; x_wconf 72' lang='lat' dir='ltr'>impro-</span> 
     </span>
     <span class='ocr_line' id='line_1_17' title="bbox 149 1252 1618 1322; baseline 0.012 -30"><span class='ocrx_word' id='word_1_142' title='bbox 149 1252 252 1293; x_wconf 77' lang='lat' dir='ltr'>visae</span> <span class='ocrx_word' id='word_1_143' title='bbox 275 1255 534 1297; x_wconf 71' lang='lat' dir='ltr'>mutationes</span> <span class='ocrx_word' id='word_1_144' title='bbox 561 1258 758 1299; x_wconf 79' lang='lat' dir='ltr'>accidere</span> <span class='ocrx_word' id='word_1_145' title='bbox 790 1260 966 1302; x_wconf 74' lang='lat' dir='ltr'>soleant.</span> <span class='ocrx_word' id='word_1_146' title='bbox 1040 1260 1092 1302; x_wconf 93' lang='lat' dir='ltr'>In</span> <span class='ocrx_word' id='word_1_147' title='bbox 1123 1263 1309 1305; x_wconf 88' lang='lat' dir='ltr'>oratione</span> <span class='ocrx_word' id='word_1_148' title='bbox 1340 1265 1518 1320; x_wconf 88' lang='lat' dir='ltr'>quadam</span> <span class='ocrx_word' id='word_1_149' title='bbox 1543 1281 1618 1322; x_wconf 90' lang='lat' dir='ltr'>pro</span> 
     </span>
     <span class='ocr_line' id='line_1_18' title="bbox 146 1319 1618 1388; baseline 0.013 -30"><span class='ocrx_word' id='word_1_150' title='bbox 146 1331 249 1373; x_wconf 85' lang='lat' dir='ltr'>paee</span> <span class='ocrx_word' id='word_1_151' title='bbox 273 1319 408 1375; x_wconf 81' lang='lat' dir='ltr'>2apud</span> <span class='ocrx_word' id='word_1_152' title='bbox 441 1319 672 1364; x_wconf 84' lang='lat' dir='ltr'>Diodorum</span> <span class='ocrx_word' id='word_1_153' title='bbox 705 1324 924 1381; x_wconf 83' lang='lat' dir='ltr'>culpantur</span> <span class='ocrx_word' id='word_1_154' title='bbox 963 1331 1001 1370; x_wconf 86' lang='grc' dir='ltr'>οἱ</span> <span class='ocrx_word' id='word_1_155' title='bbox 1035 1325 1091 1370; x_wconf 78' lang='grc' dir='ltr'>τὸ</span> <span class='ocrx_word' id='word_1_156' title='bbox 1125 1325 1315 1388; x_wconf 59' lang='grc' dir='ltr'>μέγεθος</span> <span class='ocrx_word' id='word_1_157' title='bbox 1345 1333 1433 1375; x_wconf 83' lang='grc' dir='ltr'>τῶν</span> <span class='ocrx_word' id='word_1_158' title='bbox 1470 1330 1618 1385; x_wconf 84' lang='grc' dir='ltr'>εὐημε-</span> 
     </span>
     <span class='ocr_line' id='line_1_19' title="bbox 145 1381 1619 1457; baseline 0.011 -31"><span class='ocrx_word' id='word_1_159' title='bbox 145 1381 351 1442; x_wconf 80' lang='grc' dir='ltr'>ρημάτων</span> <span class='ocrx_word' id='word_1_160' title='bbox 392 1385 762 1448; x_wconf 78' lang='grc' dir='ltr'>προσφερόμενοι,</span> <span class='ocrx_word' id='word_1_161' title='bbox 810 1389 965 1454; x_wconf 74' lang='grc' dir='ltr'>ὥσπερ</span> <span class='ocrx_word' id='word_1_162' title='bbox 1009 1395 1090 1446; x_wconf 76' lang='grc' dir='ltr'>τῆς</span> <span class='ocrx_word' id='word_1_163' title='bbox 1130 1392 1270 1456; x_wconf 73' lang='grc' dir='ltr'>τύχης</span> <span class='ocrx_word' id='word_1_164' title='bbox 1314 1394 1386 1441; x_wconf 74' lang='grc' dir='ltr'>οὐκ</span> <span class='ocrx_word' id='word_1_165' title='bbox 1420 1395 1619 1457; x_wconf 70' lang='grc' dir='ltr'>ἐναλλάξ</span> 
     </span>
     <span class='ocr_line' id='line_1_20' title="bbox 146 1448 1619 1524; baseline 0.01 -31"><span class='ocrx_word' id='word_1_166' title='bbox 146 1448 384 1505; x_wconf 69' lang='grc' dir='ltr'>εἰθισμένης</span> <span class='ocrx_word' id='word_1_167' title='bbox 415 1452 661 1514; x_wconf 65' lang='grc' dir='ltr'>βραβεύειν</span> <span class='ocrx_word' id='word_1_168' title='bbox 689 1454 748 1500; x_wconf 73' lang='grc' dir='ltr'>τοὶ</span> <span class='ocrx_word' id='word_1_169' title='bbox 786 1456 901 1502; x_wconf 75' lang='grc' dir='ltr'>κατᾶ</span> <span class='ocrx_word' id='word_1_170' title='bbox 934 1457 1126 1513; x_wconf 82' lang='grc' dir='ltr'>πόλεμον</span> <span class='ocrx_word' id='word_1_171' title='bbox 1163 1461 1503 1524; x_wconf 79' lang='grc' dir='ltr'>προτερήματα·</span> <span class='ocrx_word' id='word_1_172' title='bbox 1539 1468 1619 1520; x_wconf 78' lang='lat' dir='ltr'>qui</span> 
     </span>
     <span class='ocr_line' id='line_1_21' title="bbox 144 1526 1616 1588; baseline 0.012 -30"><span class='ocrx_word' id='word_1_173' title='bbox 144 1531 290 1560; x_wconf 78' lang='lat' dir='ltr'>rerum</span> <span class='ocrx_word' id='word_1_174' title='bbox 311 1528 539 1575; x_wconf 69' lang='lat' dir='ltr'>yescarum</span> <span class='ocrx_word' id='word_1_175' title='bbox 570 1537 601 1563; x_wconf 78' lang='lat' dir='ltr'>a</span> <span class='ocrx_word' id='word_1_176' title='bbox 632 1537 675 1565; x_wconf 78' lang='lat' dir='ltr'>se</span> <span class='ocrx_word' id='word_1_177' title='bbox 705 1526 1054 1580; x_wconf 71' lang='lat' dir='ltr'>maym‘tudinem</span> <span class='ocrx_word' id='word_1_178' title='bbox 1079 1530 1300 1580; x_wconf 66' lang='lat' dir='ltr'>emonam,</span> <span class='ocrx_word' id='word_1_179' title='bbox 1320 1532 1457 1586; x_wconf 73' lang='lat' dir='ltr'>plane</span> <span class='ocrx_word' id='word_1_180' title='bbox 1481 1533 1616 1588; x_wconf 77' lang='lat' dir='ltr'>quasi</span> 
     </span>
    </p>
   </div>
   <div class='ocr_carea' id='block_1_3' title="bbox 135 1653 1619 2094">
    <p class='ocr_par' dir='ltr' id='par_1_4' title="bbox 135 1653 1619 2094">
     <span class='ocr_line' id='line_1_22' title="bbox 141 1653 1619 1700; baseline 0.009 -20"><span class='ocrx_word' id='word_1_181' title='bbox 141 1661 210 1690; x_wconf 87' lang='lat' dir='ltr'>cap.</span> <span class='ocrx_word' id='word_1_182' title='bbox 230 1653 259 1683; x_wconf 88' lang='grc'>3.</span> <span class='ocrx_word' id='word_1_183' title='bbox 288 1654 372 1682; x_wconf 85' lang='lat' dir='ltr'>unde</span> <span class='ocrx_word' id='word_1_184' title='bbox 401 1654 496 1683; x_wconf 83' lang='lat' dir='ltr'>etiam</span> <span class='ocrx_word' id='word_1_185' title='bbox 528 1655 649 1693; x_wconf 86' lang='lat' dir='ltr'>petitus</span> <span class='ocrx_word' id='word_1_186' title='bbox 677 1659 725 1686; x_wconf 84' lang='lat' dir='ltr'>est</span> <span class='ocrx_word' id='word_1_187' title='bbox 752 1658 842 1695; x_wconf 83' lang='lat' dir='ltr'>alter,</span> <span class='ocrx_word' id='word_1_188' title='bbox 913 1661 1013 1690; x_wconf 84' lang='lat' dir='ltr'>menti</span> <span class='ocrx_word' id='word_1_189' title='bbox 1028 1661 1278 1691; x_wconf 86' lang='lat' dir='ltr'>imbecillitatem</span> <span class='ocrx_word' id='word_1_190' title='bbox 1293 1664 1468 1700; x_wconf 83' lang='lat' dir='ltr'><em>prudenter</em></span> <span class='ocrx_word' id='word_1_191' title='bbox 1479 1665 1619 1695; x_wconf 81' lang='lat' dir='ltr'>ostendit</span> 
     </span>
     <span class='ocr_line' id='line_1_23' title="bbox 139 1702 1618 1750; baseline 0.009 -20"><span class='ocrx_word' id='word_1_192' title='bbox 139 1711 234 1740; x_wconf 87' lang='lat' dir='ltr'>quem</span> <span class='ocrx_word' id='word_1_193' title='bbox 250 1702 379 1731; x_wconf 81' lang='lat' dir='ltr'>Auctor</span> <span class='ocrx_word' id='word_1_194' title='bbox 396 1704 501 1732; x_wconf 83' lang='lat' dir='ltr'>adfert</span> <span class='ocrx_word' id='word_1_195' title='bbox 521 1703 554 1731; x_wconf 87' lang='lat' dir='ltr'>in</span> <span class='ocrx_word' id='word_1_196' title='bbox 575 1707 777 1743; x_wconf 84' lang='lat' dir='ltr'>paragrapho</span> <span class='ocrx_word' id='word_1_197' title='bbox 792 1716 841 1737; x_wconf 90' lang='lat' dir='ltr'>se·</span> <span class='ocrx_word' id='word_1_198' title='bbox 912 1708 1099 1739; x_wconf 79' lang='lat' dir='ltr'>D10DORUS</span> <span class='ocrx_word' id='word_1_199' title='bbox 1116 1712 1272 1748; x_wconf 79' lang='lat' dir='ltr'>SICULUS,</span> <span class='ocrx_word' id='word_1_200' title='bbox 1294 1712 1382 1750; x_wconf 85' lang='lat' dir='ltr'>cujus</span> <span class='ocrx_word' id='word_1_201' title='bbox 1400 1712 1500 1750; x_wconf 90' lang='lat' dir='ltr'>ipsius</span> <span class='ocrx_word' id='word_1_202' title='bbox 1522 1714 1618 1743; x_wconf 82' lang='lat' dir='ltr'>verba</span> 
     </span>
     <span class='ocr_line' id='line_1_24' title="bbox 138 1751 1617 1801; baseline 0.01 -22"><span class='ocrx_word' id='word_1_203' title='bbox 138 1751 260 1789; x_wconf 78' lang='lat' dir='ltr'><strong>quenti.</strong></span> <span class='ocrx_word' id='word_1_204' title='bbox 301 1752 336 1782; x_wconf 88' lang='lat' dir='ltr'>J.</span> <span class='ocrx_word' id='word_1_205' title='bbox 350 1752 392 1781; x_wconf 91' lang='lat' dir='ltr'>B.</span> <span class='ocrx_word' id='word_1_206' title='bbox 912 1759 968 1788; x_wconf 88' lang='lat' dir='ltr'>illa</span> <span class='ocrx_word' id='word_1_207' title='bbox 990 1764 1074 1797; x_wconf 83' lang='lat' dir='ltr'>sunt,</span> <span class='ocrx_word' id='word_1_208' title='bbox 1097 1761 1212 1799; x_wconf 77' lang='grc' dir='ltr'>ὥσπερ</span> <span class='ocrx_word' id='word_1_209' title='bbox 1235 1763 1296 1797; x_wconf 76' lang='grc' dir='ltr'>τῆς</span> <span class='ocrx_word' id='word_1_210' title='bbox 1314 1763 1431 1801; x_wconf 80' lang='grc' dir='ltr'>τύχης,</span> <span class='ocrx_word' id='word_1_211' title='bbox 1454 1762 1511 1793; x_wconf 69' lang='grc' dir='ltr'>διο.</span> <span class='ocrx_word' id='word_1_212' title='bbox 1535 1765 1617 1794; x_wconf 87' lang='lat' dir='ltr'>Bib-</span> 
     </span>
     <span class='ocr_line' id='line_1_25' title="bbox 198 1801 1614 1852; baseline 0.011 -23"><span class='ocrx_word' id='word_1_213' title='bbox 198 1801 211 1820; x_wconf 82' lang='lat'><em>2</em></span> <span class='ocrx_word' id='word_1_214' title='bbox 234 1801 347 1830; x_wconf 84' lang='lat' dir='ltr'>Oratio</span> <span class='ocrx_word' id='word_1_215' title='bbox 362 1802 416 1831; x_wconf 82' lang='lat' dir='ltr'>illa</span> <span class='ocrx_word' id='word_1_216' title='bbox 431 1805 499 1832; x_wconf 87' lang='lat' dir='ltr'>erat</span> <span class='ocrx_word' id='word_1_217' title='bbox 513 1807 621 1832; x_wconf 79' lang='lat' dir='ltr'>contra</span> <span class='ocrx_word' id='word_1_218' title='bbox 636 1803 761 1842; x_wconf 83' lang='lat' dir='ltr'><em>Pacem,</em></span> <span class='ocrx_word' id='word_1_219' title='bbox 777 1815 840 1835; x_wconf 92' lang='lat' dir='ltr'>non</span> <span class='ocrx_word' id='word_1_220' title='bbox 912 1809 1003 1839; x_wconf 77' lang='lat' dir='ltr'>llotlz.</span> <span class='ocrx_word' id='word_1_221' title='bbox 1018 1810 1104 1838; x_wconf 74' lang='lat' dir='ltr'>Hist.</span> <span class='ocrx_word' id='word_1_222' title='bbox 1128 1810 1198 1840; x_wconf 92' lang='lat' dir='ltr'>Lib.</span> <span class='ocrx_word' id='word_1_223' title='bbox 1211 1820 1294 1842; x_wconf 83' lang='lat' dir='ltr'>XIII.</span> <span class='ocrx_word' id='word_1_224' title='bbox 1309 1821 1378 1850; x_wconf 84' lang='lat' dir='ltr'>cap.</span> <span class='ocrx_word' id='word_1_225' title='bbox 1391 1813 1440 1842; x_wconf 85' lang='lat'>53.</span> <span class='ocrx_word' id='word_1_226' title='bbox 1458 1823 1534 1852; x_wconf 83' lang='lat' dir='ltr'>pag.</span> <span class='ocrx_word' id='word_1_227' title='bbox 1544 1815 1614 1845; x_wconf 83' lang='lat'><strong>359.</strong></span> 
     </span>
     <span class='ocr_line' id='line_1_26' title="bbox 135 1850 1614 1899; baseline 0.01 -21"><span class='ocrx_word' id='word_1_228' title='bbox 135 1860 197 1888; x_wconf 82' lang='lat' dir='ltr'>pro</span> <span class='ocrx_word' id='word_1_229' title='bbox 223 1850 330 1880; x_wconf 84' lang='lat' dir='ltr'><em>Pace:</em></span> <span class='ocrx_word' id='word_1_230' title='bbox 355 1852 502 1881; x_wconf 88' lang='lat' dir='ltr'>nimirum</span> <span class='ocrx_word' id='word_1_231' title='bbox 527 1853 709 1893; x_wconf 82' lang='lat' dir='ltr'>Demagogi</span> <span class='ocrx_word' id='word_1_232' title='bbox 733 1856 840 1894; x_wconf 85' lang='lat' dir='ltr'>cujus-</span> <span class='ocrx_word' id='word_1_233' title='bbox 909 1857 974 1888; x_wconf 76' lang='lat' dir='ltr'>Ed.</span> <span class='ocrx_word' id='word_1_234' title='bbox 990 1859 1038 1888; x_wconf 88' lang='grc' dir='ltr'>Η.</span> <span class='ocrx_word' id='word_1_235' title='bbox 1056 1859 1161 1898; x_wconf 78' lang='lat' dir='ltr'>Steph.</span> <span class='ocrx_word' id='word_1_236' title='bbox 1204 1860 1297 1890; x_wconf 89' lang='lat' dir='ltr'><em>Unde</em></span> <span class='ocrx_word' id='word_1_237' title='bbox 1315 1864 1414 1899; x_wconf 85' lang='lat' dir='ltr'>patet,</span> <span class='ocrx_word' id='word_1_238' title='bbox 1436 1862 1614 1893; x_wconf 83' lang='lat' dir='ltr'>Auctorem</span> 
     </span>
     <span class='ocr_line' id='line_1_27' title="bbox 135 1900 1614 1948; baseline 0.01 -20"><span class='ocrx_word' id='word_1_239' title='bbox 135 1901 211 1929; x_wconf 88' lang='lat' dir='ltr'>dam</span> <span class='ocrx_word' id='word_1_240' title='bbox 226 1900 434 1931; x_wconf 82' lang='lat' dir='ltr'>Atheniensis</span> <span class='ocrx_word' id='word_1_241' title='bbox 451 1902 672 1940; x_wconf 86' lang='lat' dir='ltr'>Cleophontis,</span> <span class='ocrx_word' id='word_1_242' title='bbox 696 1905 750 1943; x_wconf 93' lang='lat' dir='ltr'>qui</span> <span class='ocrx_word' id='word_1_243' title='bbox 771 1906 839 1944; x_wconf 88' lang='lat' dir='ltr'>ipse</span> <span class='ocrx_word' id='word_1_244' title='bbox 909 1912 1063 1946; x_wconf 87' lang='lat' dir='ltr'>nostrum,</span> <span class='ocrx_word' id='word_1_245' title='bbox 1086 1910 1246 1939; x_wconf 86' lang='lat' dir='ltr'>memoriae</span> <span class='ocrx_word' id='word_1_246' title='bbox 1271 1911 1357 1948; x_wconf 81' lang='lat' dir='ltr'>vitio,</span> <span class='ocrx_word' id='word_1_247' title='bbox 1380 1915 1436 1941; x_wconf 81' lang='lat' dir='ltr'>aut</span> <span class='ocrx_word' id='word_1_248' title='bbox 1458 1913 1614 1943; x_wconf 83' lang='lat' dir='ltr'>festinan-</span> 
     </span>
     <span class='ocr_line' id='line_1_28' title="bbox 136 1952 1612 2000; baseline 0.01 -22"><span class='ocrx_word' id='word_1_249' title='bbox 136 1959 241 1979; x_wconf 84' lang='lat' dir='ltr'>rerum</span> <span class='ocrx_word' id='word_1_250' title='bbox 260 1954 417 1989; x_wconf 73' lang='lat' dir='ltr'>yestarum</span> <span class='ocrx_word' id='word_1_251' title='bbox 437 1953 476 1980; x_wconf 87' lang='lat' dir='ltr'>ab</span> <span class='ocrx_word' id='word_1_252' title='bbox 492 1952 732 1983; x_wconf 74' lang='lat' dir='ltr'>Atheniensibus</span> <span class='ocrx_word' id='word_1_253' title='bbox 750 1965 838 1994; x_wconf 73' lang='lat' dir='ltr'>maq-</span> <span class='ocrx_word' id='word_1_254' title='bbox 908 1960 984 1993; x_wconf 79' lang='lat' dir='ltr'>tem,</span> <span class='ocrx_word' id='word_1_255' title='bbox 1004 1958 1037 1986; x_wconf 85' lang='lat' dir='ltr'>in</span> <span class='ocrx_word' id='word_1_256' title='bbox 1056 1959 1126 1988; x_wconf 89' lang='lat' dir='ltr'>loco</span> <span class='ocrx_word' id='word_1_257' title='bbox 1140 1959 1202 1989; x_wconf 88' lang='lat' dir='ltr'>isto</span> <span class='ocrx_word' id='word_1_258' title='bbox 1216 1959 1374 1990; x_wconf 83' lang='lat' dir='ltr'>laudando</span> <span class='ocrx_word' id='word_1_259' title='bbox 1395 1962 1520 2000; x_wconf 83' lang='lat' dir='ltr'>lapsum</span> <span class='ocrx_word' id='word_1_260' title='bbox 1536 1973 1612 1994; x_wconf 89' lang='lat' dir='ltr'>esse.</span> 
     </span>
     <span class='ocr_line' id='line_1_29' title="bbox 136 2000 1004 2041; baseline 0.012 -13"><span class='ocrx_word' id='word_1_261' title='bbox 136 2000 307 2029; x_wconf 68' lang='lat' dir='ltr'>mitudinem</span> <span class='ocrx_word' id='word_1_262' title='bbox 328 2002 504 2038; x_wconf 65' lang='lat' dir='ltr'>emtollebat,</span> <span class='ocrx_word' id='word_1_263' title='bbox 525 2005 561 2031; x_wconf 91' lang='lat' dir='ltr'>ut</span> <span class='ocrx_word' id='word_1_264' title='bbox 575 2003 689 2041; x_wconf 85' lang='lat' dir='ltr'>vulgus</span> <span class='ocrx_word' id='word_1_265' title='bbox 709 2005 749 2033; x_wconf 88' lang='lat' dir='ltr'>ad</span> <span class='ocrx_word' id='word_1_266' title='bbox 769 2006 837 2035; x_wconf 89' lang='lat' dir='ltr'>bel-</span> <span class='ocrx_word' id='word_1_267' title='bbox 907 2006 943 2037; x_wconf 86' lang='lat' dir='ltr'>J.</span> <span class='ocrx_word' id='word_1_268' title='bbox 959 2008 1004 2039; x_wconf 88' lang='grc' dir='ltr'>Β.</span> 
     </span>
     <span class='ocr_line' id='line_1_30' title="bbox 135 2050 837 2094; baseline 0.01 -16"><span class='ocrx_word' id='word_1_269' title='bbox 135 2050 202 2078; x_wconf 89' lang='lat' dir='ltr'>lum</span> <span class='ocrx_word' id='word_1_270' title='bbox 238 2051 422 2081; x_wconf 81' lang='lat' dir='ltr'>concitaret.</span> <span class='ocrx_word' id='word_1_271' title='bbox 464 2051 568 2091; x_wconf 83' lang='lat' dir='ltr'>Hujus</span> <span class='ocrx_word' id='word_1_272' title='bbox 600 2056 707 2083; x_wconf 86' lang='lat' dir='ltr'>autem</span> <span class='ocrx_word' id='word_1_273' title='bbox 741 2064 837 2094; x_wconf 87' lang='lat' dir='ltr'>argu-</span> 
     </span>
    </p>
   </div>
   <div class='ocr_carea' id='block_1_4' title="bbox 565 2158 1184 2169">
    <p class='ocr_par' dir='ltr' id='par_1_5' title="bbox 565 2158 1184 2169">
     <span class='ocr_line' id='line_1_31' title="bbox 565 2158 1184 2169; baseline 0 0"><span class='ocrx_word' id='word_1_274' title='bbox 565 2158 1184 2169; x_wconf 95' lang='lat' dir='ltr'> </span> 
     </span>
    </p>
   </div>
   <div class='ocr_carea' id='block_1_5' title="bbox 126 2235 1609 2918">
    <p class='ocr_par' dir='ltr' id='par_1_6' title="bbox 129 2235 1609 2506">
     <span class='ocr_line' id='line_1_32' title="bbox 133 2235 1609 2296; baseline 0.014 -30"><span class='ocrx_word' id='word_1_275' title='bbox 133 2243 285 2279; x_wconf 87' lang='lat' dir='ltr'>penses:</span> <span class='ocrx_word' id='word_1_276' title='bbox 318 2235 517 2282; x_wconf 79' lang='lat' dir='ltr'>especially</span> <span class='ocrx_word' id='word_1_277' title='bbox 547 2247 683 2283; x_wconf 85' lang='lat' dir='ltr'>among</span> <span class='ocrx_word' id='word_1_278' title='bbox 716 2238 932 2284; x_wconf 84' lang='lat' dir='ltr'>Christians,</span> <span class='ocrx_word' id='word_1_279' title='bbox 963 2247 1002 2278; x_wconf 88' lang='lat' dir='ltr'>to</span> <span class='ocrx_word' id='word_1_280' title='bbox 1030 2245 1152 2281; x_wconf 84' lang='lat' dir='ltr'>whom</span> <span class='ocrx_word' id='word_1_281' title='bbox 1180 2247 1244 2283; x_wconf 86' lang='lat' dir='ltr'>the</span> <span class='ocrx_word' id='word_1_282' title='bbox 1275 2249 1377 2284; x_wconf 86' lang='lat' dir='ltr'>Lord</span> <span class='ocrx_word' id='word_1_283' title='bbox 1403 2249 1468 2284; x_wconf 89' lang='lat' dir='ltr'>has</span> <span class='ocrx_word' id='word_1_284' title='bbox 1496 2251 1609 2296; x_wconf 86' lang='lat' dir='ltr'>given</span> 
     </span>
     <span class='ocr_line' id='line_1_33' title="bbox 132 2289 1608 2351; baseline 0.014 -28"><span class='ocrx_word' id='word_1_285' title='bbox 132 2289 190 2324; x_wconf 85' lang='lat' dir='ltr'>his</span> <span class='ocrx_word' id='word_1_286' title='bbox 210 2302 326 2336; x_wconf 86' lang='lat' dir='ltr'>peace</span> <span class='ocrx_word' id='word_1_287' title='bbox 342 2303 381 2326; x_wconf 88' lang='lat' dir='ltr'>as</span> <span class='ocrx_word' id='word_1_288' title='bbox 408 2292 465 2327; x_wconf 85' lang='lat' dir='ltr'>his</span> <span class='ocrx_word' id='word_1_289' title='bbox 485 2293 627 2339; x_wconf 85' lang='lat' dir='ltr'>legacy.</span> <span class='ocrx_word' id='word_1_290' title='bbox 678 2295 762 2329; x_wconf 90' lang='lat' dir='ltr'>And</span> <span class='ocrx_word' id='word_1_291' title='bbox 781 2308 820 2331; x_wconf 89' lang='lat' dir='ltr'>so</span> <span class='ocrx_word' id='word_1_292' title='bbox 844 2298 886 2333; x_wconf 87' lang='lat' dir='ltr'>St</span> <span class='ocrx_word' id='word_1_293' title='bbox 904 2300 1010 2341; x_wconf 85' lang='lat' dir='ltr'>Paul,</span> <span class='ocrx_word' id='word_1_294' title='bbox 1029 2301 1086 2337; x_wconf 90' lang='lat' dir='ltr'>his</span> <span class='ocrx_word' id='word_1_295' title='bbox 1103 2303 1186 2338; x_wconf 88' lang='lat' dir='ltr'>best</span> <span class='ocrx_word' id='word_1_296' title='bbox 1201 2305 1438 2351; x_wconf 82' lang='lat' dir='ltr'>interpreter,</span> <span class='ocrx_word' id='word_1_297' title='bbox 1458 2308 1608 2343; x_wconf 81' lang='lat' dir='ltr'>exhorts</span> 
     </span>
     <span class='ocr_line' id='line_1_34' title="bbox 131 2347 1607 2406; baseline 0.013 -26"><span class='ocrx_word' id='word_1_298' title='bbox 131 2357 175 2380; x_wconf 88' lang='lat' dir='ltr'>us</span> <span class='ocrx_word' id='word_1_299' title='bbox 198 2350 236 2381; x_wconf 90' lang='lat' dir='ltr'>to</span> <span class='ocrx_word' id='word_1_300' title='bbox 253 2347 326 2382; x_wconf 88' lang='lat' dir='ltr'>live</span> <span class='ocrx_word' id='word_1_301' title='bbox 343 2353 382 2382; x_wconf 87' lang='lat' dir='ltr'>at</span> <span class='ocrx_word' id='word_1_302' title='bbox 397 2361 512 2395; x_wconf 88' lang='lat' dir='ltr'>peace</span> <span class='ocrx_word' id='word_1_303' title='bbox 530 2351 618 2385; x_wconf 89' lang='lat' dir='ltr'>with</span> <span class='ocrx_word' id='word_1_304' title='bbox 635 2351 686 2385; x_wconf 88' lang='lat' dir='ltr'>all</span> <span class='ocrx_word' id='word_1_305' title='bbox 714 2364 812 2388; x_wconf 91' lang='lat' dir='ltr'>men.</span> <span class='ocrx_word' id='word_1_306' title='bbox 861 2355 911 2390; x_wconf 88' lang='lat' dir='ltr'>As</span> <span class='ocrx_word' id='word_1_307' title='bbox 942 2357 1081 2393; x_wconf 81' lang='lat' dir='ltr'>Sallust</span> <span class='ocrx_word' id='word_1_308' title='bbox 1107 2371 1201 2406; x_wconf 86' lang='lat' dir='ltr'>says,</span> <span class='ocrx_word' id='word_1_309' title='bbox 1226 2361 1259 2395; x_wconf 94' lang='lat' dir='ltr'><strong>A</strong></span> <span class='ocrx_word' id='word_1_310' title='bbox 1275 2363 1372 2406; x_wconf 84' lang='lat' dir='ltr'>good</span> <span class='ocrx_word' id='word_1_311' title='bbox 1393 2374 1481 2397; x_wconf 87' lang='lat' dir='ltr'>man</span> <span class='ocrx_word' id='word_1_312' title='bbox 1502 2364 1607 2399; x_wconf 88' lang='lat' dir='ltr'>takes</span> 
     </span>
     <span class='ocr_line' id='line_1_35' title="bbox 131 2403 1607 2458; baseline 0.014 -22"><span class='ocrx_word' id='word_1_313' title='bbox 131 2413 182 2447; x_wconf 91' lang='lat' dir='ltr'>up</span> <span class='ocrx_word' id='word_1_314' title='bbox 200 2403 265 2438; x_wconf 87' lang='lat' dir='ltr'>the</span> <span class='ocrx_word' id='word_1_315' title='bbox 285 2404 488 2452; x_wconf 84' lang='lat' dir='ltr'>beginning</span> <span class='ocrx_word' id='word_1_316' title='bbox 513 2407 557 2442; x_wconf 88' lang='lat' dir='ltr'>of</span> <span class='ocrx_word' id='word_1_317' title='bbox 569 2419 644 2442; x_wconf 86' lang='lat' dir='ltr'>war</span> <span class='ocrx_word' id='word_1_318' title='bbox 660 2409 895 2458; x_wconf 80' lang='lat' dir='ltr'>reluctantly,</span> <span class='ocrx_word' id='word_1_319' title='bbox 912 2414 986 2448; x_wconf 86' lang='lat' dir='ltr'>and</span> <span class='ocrx_word' id='word_1_320' title='bbox 1004 2415 1092 2450; x_wconf 90' lang='lat' dir='ltr'>does</span> <span class='ocrx_word' id='word_1_321' title='bbox 1113 2421 1180 2451; x_wconf 87' lang='lat' dir='ltr'>not</span> <span class='ocrx_word' id='word_1_322' title='bbox 1207 2417 1332 2452; x_wconf 85' lang='lat' dir='ltr'>follow</span> <span class='ocrx_word' id='word_1_323' title='bbox 1352 2419 1399 2453; x_wconf 87' lang='lat' dir='ltr'>its</span> <span class='ocrx_word' id='word_1_324' title='bbox 1425 2423 1607 2456; x_wconf 84' lang='lat' dir='ltr'>extremes</span> 
     </span>
     <span class='ocr_line' id='line_1_36' title="bbox 129 2459 318 2506; baseline 0.011 -14"><span class='ocrx_word' id='word_1_325' title='bbox 129 2459 318 2506; x_wconf 81' lang='lat' dir='ltr'>willingly.</span> 
     </span>
    </p>

    <p class='ocr_par' dir='ltr' id='par_1_7' title="bbox 127 2516 1607 2800">
     <span class='ocr_line' id='line_1_37' title="bbox 203 2516 1607 2581; baseline 0.014 -32"><span class='ocrx_word' id='word_1_326' title='bbox 203 2516 270 2551; x_wconf 89' lang='lat' dir='ltr'>IV.</span> <span class='ocrx_word' id='word_1_327' title='bbox 319 2517 410 2552; x_wconf 85' lang='lat' dir='ltr'>This</span> <span class='ocrx_word' id='word_1_328' title='bbox 437 2519 479 2553; x_wconf 85' lang='lat' dir='ltr'>of</span> <span class='ocrx_word' id='word_1_329' title='bbox 502 2520 607 2554; x_wconf 85' lang='lat' dir='ltr'>itself</span> <span class='ocrx_word' id='word_1_330' title='bbox 630 2521 747 2568; x_wconf 83' lang='lat' dir='ltr'>ought</span> <span class='ocrx_word' id='word_1_331' title='bbox 767 2526 805 2558; x_wconf 90' lang='lat' dir='ltr'>to</span> <span class='ocrx_word' id='word_1_332' title='bbox 826 2524 874 2560; x_wconf 91' lang='lat' dir='ltr'>be</span> <span class='ocrx_word' id='word_1_333' title='bbox 903 2528 1072 2574; x_wconf 83' lang='lat' dir='ltr'>enough3</span> <span class='ocrx_word' id='word_1_334' title='bbox 1098 2530 1166 2565; x_wconf 91' lang='lat' dir='ltr'>but</span> <span class='ocrx_word' id='word_1_335' title='bbox 1184 2531 1288 2566; x_wconf 89' lang='lat' dir='ltr'>often</span> <span class='ocrx_word' id='word_1_336' title='bbox 1309 2532 1448 2566; x_wconf 84' lang='lat' dir='ltr'>human</span> <span class='ocrx_word' id='word_1_337' title='bbox 1469 2534 1607 2581; x_wconf 89' lang='lat' dir='ltr'>Utility</span> 
     </span>
     <span class='ocr_line' id='line_1_38' title="bbox 129 2572 1606 2637; baseline 0.014 -32"><span class='ocrx_word' id='word_1_338' title='bbox 129 2572 248 2607; x_wconf 84' lang='lat' dir='ltr'>draws</span> <span class='ocrx_word' id='word_1_339' title='bbox 269 2585 356 2608; x_wconf 86' lang='lat' dir='ltr'>men</span> <span class='ocrx_word' id='word_1_340' title='bbox 376 2574 440 2609; x_wconf 83' lang='lat' dir='ltr'>the</span> <span class='ocrx_word' id='word_1_341' title='bbox 457 2587 559 2611; x_wconf 90' lang='lat' dir='ltr'>same</span> <span class='ocrx_word' id='word_1_342' title='bbox 576 2589 675 2623; x_wconf 85' lang='lat' dir='ltr'>way:</span> <span class='ocrx_word' id='word_1_343' title='bbox 708 2579 814 2616; x_wconf 86' lang='lat' dir='ltr'>those</span> <span class='ocrx_word' id='word_1_344' title='bbox 831 2582 911 2618; x_wconf 86' lang='lat' dir='ltr'>first</span> <span class='ocrx_word' id='word_1_345' title='bbox 928 2585 1009 2619; x_wconf 89' lang='lat' dir='ltr'>who</span> <span class='ocrx_word' id='word_1_346' title='bbox 1027 2597 1091 2621; x_wconf 86' lang='lat' dir='ltr'>are</span> <span class='ocrx_word' id='word_1_347' title='bbox 1108 2587 1173 2622; x_wconf 88' lang='lat' dir='ltr'>the</span> <span class='ocrx_word' id='word_1_348' title='bbox 1198 2589 1380 2630; x_wconf 81' lang='lat' dir='ltr'>weakest3</span> <span class='ocrx_word' id='word_1_349' title='bbox 1406 2590 1466 2624; x_wconf 86' lang='lat' dir='ltr'>for</span> <span class='ocrx_word' id='word_1_350' title='bbox 1481 2602 1503 2624; x_wconf 87' lang='lat' dir='ltr'>a</span> <span class='ocrx_word' id='word_1_351' title='bbox 1517 2591 1606 2637; x_wconf 90' lang='lat' dir='ltr'>long</span> 
     </span>
     <span class='ocr_line' id='line_1_39' title="bbox 128 2630 1604 2694; baseline 0.014 -32"><span class='ocrx_word' id='word_1_352' title='bbox 128 2630 294 2675; x_wconf 82' lang='lat' dir='ltr'>struggle</span> <span class='ocrx_word' id='word_1_353' title='bbox 312 2630 400 2665; x_wconf 88' lang='lat' dir='ltr'>with</span> <span class='ocrx_word' id='word_1_354' title='bbox 424 2643 447 2665; x_wconf 88' lang='lat' dir='ltr'>a</span> <span class='ocrx_word' id='word_1_355' title='bbox 462 2643 566 2667; x_wconf 87' lang='lat' dir='ltr'>more</span> <span class='ocrx_word' id='word_1_356' title='bbox 587 2636 769 2679; x_wconf 84' lang='lat' dir='ltr'>powerful</span> <span class='ocrx_word' id='word_1_357' title='bbox 791 2639 989 2687; x_wconf 86' lang='lat' dir='ltr'>adversary</span> <span class='ocrx_word' id='word_1_358' title='bbox 1012 2643 1041 2677; x_wconf 90' lang='lat' dir='ltr'>is</span> <span class='ocrx_word' id='word_1_359' title='bbox 1057 2644 1221 2689; x_wconf 87' lang='lat' dir='ltr'>perilous</span> <span class='ocrx_word' id='word_1_360' title='bbox 1233 2658 1243 2686; x_wconf 95' lang='lat'>;</span> <span class='ocrx_word' id='word_1_361' title='bbox 1265 2645 1339 2679; x_wconf 88' lang='lat' dir='ltr'>and</span> <span class='ocrx_word' id='word_1_362' title='bbox 1355 2657 1394 2680; x_wconf 85' lang='lat' dir='ltr'>as</span> <span class='ocrx_word' id='word_1_363' title='bbox 1410 2647 1449 2680; x_wconf 88' lang='lat' dir='ltr'>in</span> <span class='ocrx_word' id='word_1_364' title='bbox 1466 2658 1488 2681; x_wconf 91' lang='lat' dir='ltr'>a</span> <span class='ocrx_word' id='word_1_365' title='bbox 1509 2647 1604 2694; x_wconf 84' lang='lat' dir='ltr'>ship,</span> 
     </span>
     <span class='ocr_line' id='line_1_40' title="bbox 129 2690 1605 2752; baseline 0.014 -33"><span class='ocrx_word' id='word_1_366' title='bbox 129 2697 183 2720; x_wconf 89' lang='lat' dir='ltr'>we</span> <span class='ocrx_word' id='word_1_367' title='bbox 203 2690 302 2721; x_wconf 89' lang='lat' dir='ltr'>must</span> <span class='ocrx_word' id='word_1_368' title='bbox 333 2692 438 2723; x_wconf 73' lang='lat' dir='ltr'>avere</span> <span class='ocrx_word' id='word_1_369' title='bbox 462 2700 484 2723; x_wconf 87' lang='lat' dir='ltr'>a</span> <span class='ocrx_word' id='word_1_370' title='bbox 512 2694 660 2735; x_wconf 82' lang='lat' dir='ltr'>greater</span> <span class='ocrx_word' id='word_1_371' title='bbox 687 2694 862 2741; x_wconf 85' lang='lat' dir='ltr'>calamity</span> <span class='ocrx_word' id='word_1_372' title='bbox 881 2696 932 2742; x_wconf 87' lang='lat' dir='ltr'>by</span> <span class='ocrx_word' id='word_1_373' title='bbox 953 2708 1056 2733; x_wconf 89' lang='lat' dir='ltr'>some</span> <span class='ocrx_word' id='word_1_374' title='bbox 1087 2700 1171 2741; x_wconf 87' lang='lat' dir='ltr'>loss,</span> <span class='ocrx_word' id='word_1_375' title='bbox 1196 2702 1347 2747; x_wconf 84' lang='lat' dir='ltr'>putting</span> <span class='ocrx_word' id='word_1_376' title='bbox 1370 2714 1473 2750; x_wconf 82' lang='lat' dir='ltr'>away</span> <span class='ocrx_word' id='word_1_377' title='bbox 1490 2715 1605 2752; x_wconf 85' lang='lat' dir='ltr'>anger</span> 
     </span>
     <span class='ocr_line' id='line_1_41' title="bbox 127 2743 1384 2800; baseline 0.014 -24"><span class='ocrx_word' id='word_1_378' title='bbox 127 2743 202 2777; x_wconf 87' lang='lat' dir='ltr'>and</span> <span class='ocrx_word' id='word_1_379' title='bbox 229 2743 340 2789; x_wconf 90' lang='lat' dir='ltr'>hope,</span> <span class='ocrx_word' id='word_1_380' title='bbox 364 2744 558 2781; x_wconf 83' lang='lat' dir='ltr'>fallacious</span> <span class='ocrx_word' id='word_1_381' title='bbox 585 2748 758 2791; x_wconf 85' lang='lat' dir='ltr'>advisers,</span> <span class='ocrx_word' id='word_1_382' title='bbox 783 2762 823 2786; x_wconf 86' lang='lat' dir='ltr'>as</span> <span class='ocrx_word' id='word_1_383' title='bbox 847 2753 941 2799; x_wconf 87' lang='lat' dir='ltr'>Livy</span> <span class='ocrx_word' id='word_1_384' title='bbox 966 2765 1058 2800; x_wconf 81' lang='lat' dir='ltr'>says.</span> <span class='ocrx_word' id='word_1_385' title='bbox 1123 2757 1173 2791; x_wconf 82' lang='lat' dir='ltr'>So</span> <span class='ocrx_word' id='word_1_386' title='bbox 1194 2757 1384 2794; x_wconf 88' lang='lat' dir='ltr'>Aristotle.</span> 
     </span>
    </p>

    <p class='ocr_par' dir='ltr' id='par_1_8' title="bbox 126 2800 1605 2918">
     <span class='ocr_line' id='line_1_42' title="bbox 198 2800 1605 2865; baseline 0.014 -32"><span class='ocrx_word' id='word_1_387' title='bbox 198 2800 242 2834; x_wconf 92' lang='lat' dir='ltr'>V.</span> <span class='ocrx_word' id='word_1_388' title='bbox 295 2802 371 2835; x_wconf 88' lang='lat' dir='ltr'>But</span> <span class='ocrx_word' id='word_1_389' title='bbox 391 2802 468 2837; x_wconf 88' lang='lat' dir='ltr'>also</span> <span class='ocrx_word' id='word_1_390' title='bbox 496 2803 569 2838; x_wconf 87' lang='lat' dir='ltr'>this</span> <span class='ocrx_word' id='word_1_391' title='bbox 599 2805 629 2839; x_wconf 90' lang='lat' dir='ltr'>is</span> <span class='ocrx_word' id='word_1_392' title='bbox 652 2805 710 2840; x_wconf 88' lang='lat' dir='ltr'>for</span> <span class='ocrx_word' id='word_1_393' title='bbox 728 2806 792 2841; x_wconf 88' lang='lat' dir='ltr'>the</span> <span class='ocrx_word' id='word_1_394' title='bbox 817 2808 957 2845; x_wconf 87' lang='lat' dir='ltr'>benefit</span> <span class='ocrx_word' id='word_1_395' title='bbox 987 2811 1030 2845; x_wconf 86' lang='lat' dir='ltr'>of</span> <span class='ocrx_word' id='word_1_396' title='bbox 1050 2811 1114 2847; x_wconf 91' lang='lat' dir='ltr'>the</span> <span class='ocrx_word' id='word_1_397' title='bbox 1141 2817 1332 2860; x_wconf 84' lang='lat' dir='ltr'>stronger:</span> <span class='ocrx_word' id='word_1_398' title='bbox 1366 2816 1425 2851; x_wconf 85' lang='lat' dir='ltr'>for</span> <span class='ocrx_word' id='word_1_399' title='bbox 1451 2828 1490 2852; x_wconf 88' lang='lat' dir='ltr'>as</span> <span class='ocrx_word' id='word_1_400' title='bbox 1510 2818 1605 2865; x_wconf 90' lang='lat' dir='ltr'>Livy</span> 
     </span>
     <span class='ocr_line' id='line_1_43' title="bbox 126 2856 1603 2918; baseline 0.014 -28"><span class='ocrx_word' id='word_1_401' title='bbox 126 2856 205 2892; x_wconf 89' lang='lat' dir='ltr'>also</span> <span class='ocrx_word' id='word_1_402' title='bbox 227 2868 321 2904; x_wconf 85' lang='lat' dir='ltr'>says,</span> <span class='ocrx_word' id='word_1_403' title='bbox 340 2859 395 2894; x_wconf 88' lang='lat' dir='ltr'>To</span> <span class='ocrx_word' id='word_1_404' title='bbox 414 2859 516 2896; x_wconf 87' lang='lat' dir='ltr'>them</span> <span class='ocrx_word' id='word_1_405' title='bbox 532 2872 660 2907; x_wconf 86' lang='lat' dir='ltr'>peace,</span> <span class='ocrx_word' id='word_1_406' title='bbox 682 2863 715 2897; x_wconf 84' lang='lat' dir='ltr'>if</span> <span class='ocrx_word' id='word_1_407' title='bbox 729 2863 819 2912; x_wconf 84' lang='lat' dir='ltr'>they</span> <span class='ocrx_word' id='word_1_408' title='bbox 834 2871 944 2911; x_wconf 87' lang='lat' dir='ltr'>grant</span> <span class='ocrx_word' id='word_1_409' title='bbox 961 2868 1001 2912; x_wconf 87' lang='lat' dir='ltr'>it,</span> <span class='ocrx_word' id='word_1_410' title='bbox 1014 2869 1044 2904; x_wconf 89' lang='lat' dir='ltr'>is</span> <span class='ocrx_word' id='word_1_411' title='bbox 1065 2869 1275 2908; x_wconf 85' lang='lat' dir='ltr'>bounteous</span> <span class='ocrx_word' id='word_1_412' title='bbox 1296 2873 1370 2908; x_wconf 89' lang='lat' dir='ltr'>and</span> <span class='ocrx_word' id='word_1_413' title='bbox 1388 2874 1603 2918; x_wconf 84' lang='lat' dir='ltr'>creditable‚</span> 
     </span>
    </p>
   </div>
  </div>
 </body>
</html>
