1971 3326
682 365 872 408 CAPUT
907 365 1002 408 XV.

168 476 640 513 TEMPERAMENTUM
671 478 824 513 CIRCA
852 477 1266 520 ACQUISITIONEM
1297 475 1513 511 IMPERII.

164 580 194 614 Ι.
261 580 443 622 Quatenus
476 579 620 625 justitia
665 580 810 614 iuterna
906 579 993 615 VII.
1032 579 1175 614 Utilitas
1195 581 1239 614 ab
1260 579 1325 614 huc
1342 578 1580 614 moderazione

249 637 437 682 permittat
449 636 639 681 imperium
655 637 806 681 acquiri.
1022 636 1219 670 indicatur.

155 693 206 728 II.
256 693 457 727 Laudabile
481 704 547 727 esse
579 693 640 727 hoc
659 694 743 739 jure
771 693 811 727 in
894 692 1001 727 VIII.
1025 693 1223 737 Erempla:
1248 699 1279 727 et
1291 694 1332 727 de
1344 693 1579 739 mutatafor-

254 750 359 784 victos
379 749 562 784 abstinere.
1023 761 1085 782 ma
1106 749 1306 793 reipublic-oe
1327 750 1428 794 apud
1446 749 1562 784 victos.

150 807 220 842 ΙΙΙ.
257 806 337 841 Sive
367 818 420 840 eos
459 805 632 840 miscendo
668 804 811 840 victori·
915 805 985 839 IX.
1021 806 1222 850 Imperium
1258 806 1289 839 si
1329 806 1580 839 assmnendum

258 864 343 897 bus:
1025 862 1081 903 sit,
1107 868 1195 896 recte
1218 867 1363 907 partem
1385 862 1457 908 ejus
1481 862 1581 896 victis

151 920 217 955 IV.
258 919 337 954 Sive
366 919 593 964 relinquendo
621 918 813 964 imperium
1025 919 1191 964 relinqui.

258 976 311 1011 his
331 976 393 1021 qui
413 976 632 1010 habuerant.-
925 975 975 1010 X.
1023 974 1102 1009 Aut
1149 982 1237 1010 certe
1282 975 1476 1010 libertatem
1511 974 1581 1009 ali-

155 1033 202 1067 V.
258 1033 447 1067 Interdum
482 1032 654 1078 impositis
681 1032 813 1077 proesi-
1027 1044 1148 1077 quum.

259 1090 327 1123 diis
341 1102 352 1122 .·
918 1088 989 1123 XI.
1026 1089 1219 1134 Praecipue
1238 1088 1277 1121 iu
1301 1089 1478 1134 religione.

149 1146 217 1180 VI.
257 1144 335 1180 Aut
360 1145 500 1180 tributis
530 1145 637 1180 etiam
660 1151 691 1180 et
715 1144 814 1179 simi·
908 1145 997 1180 XII.
1029 1144 1165 1180 Saltem
1187 1145 1292 1179 victos
1319 1146 1501 1180 clementer
1517 1146 1583 1180 ha-

260 1203 350 1237 libus
379 1203 563 1237 oneribus.-
1029 1202 1102 1236 beri
1123 1208 1304 1248 oportere.-
1335 1208 1365 1237 et
1382 1202 1478 1237 cur?

117 1311 152 1355 I.
272 1312 372 1355 UAE
396 1311 440 1354 in
471 1311 652 1369 singulos
680 1316 753 1354 aut
781 1310 963 1369 exigitur
990 1311 1162 1367 aequitas
1191 1317 1265 1355 aut
1293 1311 1488 1355 laudatur
1511 1313 1587 1355 hu-

190 1315 271 1433 Q
305 1377 493 1427 manitas,
535 1383 652 1420 tanto
689 1377 820 1434 magis
855 1377 898 1418 in
936 1378 1107 1433 populos
1148 1384 1221 1420 aut
1261 1378 1304 1419 in
1341 1379 1584 1434 populorum
1604 1387 1675 1443 2213}-
1687 1387 1794 1441 geggre

115 1449 269 1501 parteS,
293 1450 447 1500 quanto
465 1443 508 1485 in
530 1444 680 1485 multos
703 1442 902 1500 insignior
926 1448 988 1485 est
1012 1448 1054 1485 et
1070 1443 1221 1499 injuria
1244 1450 1286 1486 et
1304 1444 1585 1487 beneficentia.
1606 1436 1681 1473 ‘2⁵⁰'-
1707 1437 1712 1441 ’

117 1512 240 1553 Justo
270 1509 377 1552 bello
412 1514 459 1551 ut
489 1509 571 1551 alia
604 1508 762 1564 acquiri
795 1514 977 1564 possunt,
1014 1508 1073 1551 ita
1105 1514 1147 1551 et
1172 1509 1241 1564 jus
1270 1509 1511 1566 imperantis
1545 1511 1588 1552 in

117 1575 325 1633 populum,
362 1581 404 1618 et
438 1574 507 1631 jus
549 1575 660 1630 quod
695 1574 737 1616 in
774 1574 946 1630 imperio
983 1575 1110 1616 habet
1147 1574 1234 1630 ipse
1271 1575 1471 1631 populus:
1515 1577 1588 1618 sed

117 1656 266 1697 nempe
284 1647 486 1698 quatenus
503 1641 586 1681 fert
607 1646 679 1682 aut
697 1654 829 1696 poenae
846 1639 1049 1682 nascentis
1068 1655 1121 1681 ex
1143 1640 1303 1690 delicto,
1329 1647 1402 1683 aut
1419 1641 1590 1683 alterius

120 1707 248 1750 debiti
269 1707 424 1748 modus.
480 1706 638 1755 Quibus
660 1706 853 1747 addenda
875 1711 938 1747 est
961 1719 1084 1747 causa
1107 1705 1265 1748 vitandi
1289 1706 1459 1762 periculi
1483 1722 1590 1748 sum-

120 1772 188 1814 mi.
253 1772 335 1814 Sed
358 1772 447 1813 haec
470 1785 592 1812 causa
614 1770 856 1826 plerumque
878 1785 968 1812 cum
993 1770 1082 1812 aliis
1106 1770 1312 1821 miscetur,
1338 1787 1430 1827 quae
1451 1778 1591 1814 tamen

121 1839 211 1894 ipsa
234 1843 321 1879 tum
344 1837 387 1877 in
414 1851 514 1893 pace
538 1835 836 1885 constituenda,
860 1841 948 1877 tum
972 1835 1015 1877 in
1036 1837 1190 1878 utendo
1214 1837 1385 1879 victoria
1413 1838 1591 1880 maxime

122 1903 346 1959 spectanda
370 1907 444 1944 est.
498 1901 607 1942 Nam
631 1905 768 1942 cetera
787 1906 849 1943 est
867 1907 914 1943 ut
936 1900 1202 1944 remittantur
1220 1917 1272 1944 ex
1292 1902 1591 1946 misericordia:

122 1969 165 2010 in
189 1968 348 2024 publico
378 1971 517 2008 autem
540 1965 735 2022 periculo,
760 1980 853 2021 quae
882 1967 1048 2008 modum
1078 1967 1240 2010 excedit
1270 1968 1481 2020 securitas,
1518 1969 1593 2010 im-

124 2032 404 2076 misericordia
444 2037 518 2074 est.
589 2032 792 2073 Isocrates
832 2032 887 2074 ad
923 2032 1186 2089 Philippum:
1228 2036 1318 2078 τῶν
1348 2031 1593 2096 βαρβάρων

1611 2093 1636 2117 ’.ὕ
1612 2056 1638 2079 [²1

1637 2055 1683 2111 e}-

1681 2057 1696 2110 b*-

1697 2075 1701 2078 .
1716 2062 1742 2078 11.

1683 2088 1687 2099 s
1707 2090 1736 2109 A.

377 2219 558 2254 CHAPTER
582 2219 669 2254 XV.
720 2220 923 2255 Restraiuts
947 2221 1138 2267 respecting]
1165 2221 1346 2267 Conquest.

202 2300 232 2334 I.
294 2298 447 2345 Equity,
469 2298 589 2333 which
613 2299 643 2333 is
674 2299 859 2344 required,
889 2300 961 2334 and
986 2300 1193 2347 humanity,
1222 2300 1343 2335 which
1372 2300 1402 2335 is
1433 2301 1594 2347 praised,

126 2355 286 2391 towards
306 2355 540 2396 individuals,
554 2366 617 2390 are
639 2355 703 2390 the
725 2366 828 2390 more
848 2357 1026 2401 requisite
1042 2358 1114 2391 and
1137 2357 1415 2403 praiseworthy‚
1433 2358 1594 2392 towards

128 2413 277 2447 nations
298 2412 372 2446 and
396 2416 499 2458 parts
527 2413 569 2446 of
593 2412 751 2452 nations,
771 2412 964 2447 inasmuch
988 2424 1027 2448 as
1052 2413 1117 2448 the
1148 2414 1271 2459 injury
1299 2424 1342 2448 or
1367 2414 1543 2448 kindness
1564 2414 1595 2448 is

128 2472 277 2513 greater
296 2468 385 2502 with
404 2468 469 2503 the
489 2468 660 2503 number.
721 2469 818 2502 Now
836 2479 876 2503 as
897 2469 1004 2504 other
1028 2469 1152 2515 things
1172 2481 1258 2514 may
1285 2469 1332 2503 be
1360 2469 1536 2514 acquired
1556 2470 1596 2503 in

130 2535 153 2558 a
168 2525 247 2569 just
275 2535 361 2565 war,
387 2535 427 2559 so
457 2536 543 2569 may
575 2524 745 2569 imperial
768 2524 958 2571 authority
980 2536 1069 2560 over
1089 2537 1111 2560 a
1132 2526 1277 2571 people,
1309 2525 1383 2559 and
1407 2525 1473 2559 the
1496 2525 1597 2571 right

130 2580 251 2614 which
270 2579 335 2614 the
355 2580 490 2625 people
510 2581 615 2614 itself
632 2580 697 2614 has
718 2581 757 2614 in
781 2580 846 2615 the
873 2586 1138 2626 government:
1167 2582 1235 2616 but
1256 2581 1343 2627 only
1363 2592 1404 2615 so
1424 2581 1484 2615 far
1504 2593 1543 2616 as
1564 2582 1595 2617 is

131 2636 289 2677 limited,
309 2636 429 2670 either
449 2636 499 2682 by
516 2636 580 2670 the
601 2640 734 2670 nature
760 2637 803 2671 of
827 2648 849 2671 a
874 2639 1028 2684 penalty
1049 2638 1186 2683 arising
1214 2638 1311 2672 from
1335 2637 1459 2678 delict,
1479 2648 1522 2672 or
1544 2638 1596 2683 by

132 2693 198 2728 the
218 2696 351 2726 nature
372 2692 415 2726 of
431 2703 532 2726 some
553 2692 661 2726 other
678 2692 779 2727 debt.
814 2694 869 2728 To
890 2694 1010 2728 which
1035 2695 1065 2728 is
1086 2698 1125 2728 to
1146 2694 1193 2728 be
1213 2693 1345 2732 added,
1377 2693 1442 2727 the
1462 2705 1596 2728 reason

134 2749 178 2784 of
193 2749 362 2793 averting
382 2752 546 2783 extreme
567 2749 717 2793 danger.
782 2749 871 2784 This
895 2750 967 2784 last
993 2761 1102 2784 cause
1124 2750 1154 2783 is
1172 2750 1381 2794 commonly
1402 2750 1525 2784 mixed
1545 2761 1596 2796 up

134 2805 224 2840 with
244 2805 392 2845 others3
412 2805 480 2839 but
500 2805 541 2844 is,
566 2805 604 2838 in
624 2805 768 2850 reality,
785 2809 824 2839 to
841 2806 889 2840 be
909 2805 1022 2840 much
1045 2805 1226 2850 regarded
1243 2805 1302 2839 for
1324 2806 1371 2839 its
1394 2816 1475 2840 own
1497 2807 1597 2847 sake,

134 2862 227 2897 both
257 2862 297 2895 in
326 2861 568 2906 establishing
591 2872 705 2906 peace
731 2861 805 2895 and
829 2862 869 2895 in
893 2862 1002 2906 using
1025 2862 1178 2908 victory.
1225 2862 1302 2896 For
1330 2861 1438 2897 other
1472 2862 1597 2908 things

135 2930 221 2966 may
242 2919 288 2954 be
309 2918 483 2953 remitted
504 2921 570 2954 out
590 2918 633 2953 of
650 2918 904 2965 compassion3
927 2918 996 2953 but
1016 2918 1054 2954 in
1077 2929 1099 2953 a
1120 2918 1245 2965 public
1266 2918 1418 2965 danger,
1437 2930 1460 2954 a
1481 2919 1597 2955 disre-
