1971 3326
152 183 242 220 CAP.
264 181 410 230 XVII.]
472 186 542 220 DE
573 186 671 228 HIS,
704 186 796 228 QUI
825 186 883 221 IN
912 185 1079 221 BELLO
1110 186 1264 221 MEDII
1295 187 1443 222 SUNT.
1546 181 1626 222 291

242 299 269 340 3
315 297 408 340 Hoc
431 298 660 354 praestabat
689 303 836 341 exacta
864 312 964 340 cura
987 300 1003 320 θ
1010 297 1197 354 provisus
1220 312 1359 340 rerum
1382 298 1630 341 necessaria-

149 377 255 413 rum,
282 368 324 405 et
347 364 452 406 bene
477 364 611 407 soluta
634 364 851 422 stipendia,
877 369 919 406 et
943 363 1063 422 vigor
1090 364 1329 421 disciplinae,
1355 363 1469 420 cujus
1492 364 1628 422 legem

148 429 266 472 audis
301 424 431 486 fapud
454 430 747 473 Ammianum:
775 439 1041 486 pacatorum
1074 440 1215 474 terras
1247 446 1331 473 non
1358 431 1507 473 debere
1539 432 1628 473 cal·
1646 437 1796 499 ffggssfvffi

147 498 258 539 cari.
330 497 387 538 Et
420 496 532 553 apud
560 497 808 554 Vopiscum:
840 513 973 540 memo
1000 499 1175 553 pullum
1211 499 1406 540 alienum
1440 499 1812 553 rapiat:Aurez.e.7.

146 578 263 605 ovem
296 577 416 605 nemo
451 565 689 619 continyat,
725 579 858 606 uvam
891 565 1036 606 nullus
1071 566 1261 620 avfferat,
1297 572 1472 619 seyetem
1505 579 1625 607 nemo

146 630 329 679 deterat,
354 630 504 679 oleum,
529 631 612 679 sal,
639 631 802 685 liynum
825 645 945 672 nemo
966 632 1124 686 πεῖραί.
1196 631 1303 672 Item
1328 630 1440 686 apud
1464 630 1624 672 Cassio-
1643 635 1804 661 Var.vii.4.

145 695 292 737 dorum
312 713 321 738 :
346 696 497 738 vivant
521 711 616 737 cum
630 697 985 751 provincialibus
998 697 1099 750 jure
1124 698 1266 739 civili:
1297 711 1372 739 nec
1395 697 1623 740 insolescat

145 763 324 804 animus
356 763 432 817 qui
452 777 494 804 se
525 764 654 804 sentit
677 770 928 804 armatum:
964 764 1072 817 quia
1102 764 1274 818 clypeus
1303 764 1378 804 ille
1408 764 1622 807 accercitus

143 829 287 871 nostri
321 829 501 884 quietem
536 829 658 870 debet
683 837 900 884 praestare
928 830 1135 884 payanis.
1208 828 1290 870 His
1317 829 1487 871 accedat
1521 828 1623 871 illud

144 893 434 951 Xenophontis
456 896 767 949 Expeditionis
790 894 896 937 libro
922 908 978 936 vl.
1005 892 1064 947 μή
1089 892 1361 956 ἀναγκάζειν
1391 891 1524 939 πόλιν
1548 899 1620 955 φι-
1639 905 1799 937 Cap-2·§4·

142 961 243 1004 λίαν
267 958 302 1011 ὅ,
330 980 375 1004 τι
397 957 454 1013 μή
477 958 603 1004 αὐτοὶ
631 958 860 1008 ἐθέλοντες
894 955 1059 1005 διδοῖεν·
1093 962 1312 1004 civitatem
1338 963 1528 1004 amicam
1553 977 1620 1004 co-

139 1029 324 1082 gendam
350 1042 434 1068 non
457 1041 554 1075 esse,
580 1036 632 1068 ut
657 1029 888 1083 quicquam
912 1030 1039 1070 claret
1059 1029 1213 1072 invita.

233 1094 262 1134 4
310 1093 378 1134 Ex
403 1091 550 1147 quibus
578 1093 697 1135 dictis
726 1093 878 1150 optime
901 1093 1189 1150 interpreteris
1218 1093 1319 1135 illud
1351 1093 1491 1151 magni
1522 1109 1617 1150 pro·
1637 1104 1808 1130 Luc-iihn·

141 1159 292 1215 phetae,
331 1158 413 1201 imo
452 1159 658 1214 propheta
692 1159 859 1216 majoris
896 1160 1119 1202 monitum:
1159 1155 1316 1213 μηδένα
1351 1155 1615 1213 διασείσητε,

139 1220 243 1278 μηδὲ
281 1222 670 1286 συκοφαντήσητε,
715 1225 787 1269 καὶ
820 1223 1021 1286 ἀρκεῖσθε
1057 1227 1152 1271 τοῖς
1186 1224 1389 1284 ὀψωνίοις
1424 1223 1552 1278 ὑμῶν·
1586 1243 1616 1270 α

141 1294 423 1342 concussione,
472 1293 528 1334 ga
569 1293 793 1335 calumnia
839 1294 887 1335 in
922 1294 1092 1348 quosvis
1139 1294 1357 1343 abstinete,
1402 1288 1617 1336 hcontenti

972 1427 985 1442 e
996 1421 1153 1450 Provisus
1164 1430 1266 1450 rerum
1274 1421 1537 1460 necessariarum]
1550 1422 1616 1451 Pli-

900 1470 983 1509 Vnius
993 1470 1149 1499 Historia²
1163 1470 1337 1500 Naturalis
1351 1480 1452 1501 XXVI.
1469 1474 1499 1501 4.
1522 1482 1615 1502 curve

911 1520 1053 1548 Romani
1075 1520 1165 1549 (luces
1180 1520 1321 1558 primam
1341 1530 1460 1558 semper
1479 1522 1513 1550 in
1527 1522 1616 1552 bellis

140 1423 254 1458 seyetes
267 1419 401 1449 sollicite
414 1420 543 1449 cavebat
557 1429 593 1449 ne
607 1419 647 1448 ab
660 1420 761 1458 equite
774 1429 843 1449 eor-

141 1473 357 1508 rumperentur
369 1481 379 1500 .-
400 1473 462 1499 tum
475 1479 547 1499 vero
557 1479 654 1508 poma
668 1470 701 1498 in
715 1470 842 1498 arbori-

138 1521 195 1550 bus
199 1520 370 1558 pendentia
379 1523 505 1559 tanqere
514 1519 627 1548 nemini
636 1519 757 1547 omnino
766 1529 842 1557 per-

135 1572 323 1601 mittebatur.
343 1571 443 1610 (Cap.
458 1570 506 1607 1.)
532 1570 671 1600 Similem
687 1570 842 1598 Aleman-

137 1632 251 1652 norum
261 1623 387 1651 laudem
395 1622 427 1650 in
437 1621 639 1660 expeditione
647 1621 686 1649 ad
696 1623 840 1649 sanctum

137 1671 318 1709 sepulerum
337 1670 408 1699 vide
428 1670 513 1707 apud
528 1668 674 1698 Nieetam
690 1668 840 1697 Manuele

138 1721 313 1751 Comneno.
332 1720 421 1759 (Lib.
439 1729 464 1749 1.
486 1729 512 1749 c.
527 1718 576 1755 4.)
600 1719 760 1756 Gregoras
781 1727 839 1747 au-

136 1772 202 1799 tem
216 1770 298 1799 libro
311 1778 362 1798 lx.
375 1769 459 1798 idem
474 1769 506 1797 in
522 1768 654 1798 Venetis
670 1767 840 1805 praedicat:

136 1820 222 1856 ἦσάν
242 1831 284 1859 ’γε
305 1820 364 1858 μὲν
385 1819 520 1853 οὐδένες,
538 1820 589 1847 οὓς
610 1819 645 1847 οὐ
660 1818 753 1856 μα’λα
769 1818 838 1855 ἐξέ-

136 1870 268 1908 πληξεν
284 1868 384 1904 ἡτῶν
407 1869 590 1897 Beue-wazu
613 1867 762 1905 εὐταξία,
785 1866 838 1895 καὶ

135 1920 153 1956 ἠ
187 1920 275 1957 ,um-a*
309 1918 513 1953 δικαιοσύνης
546 1916 838 1955 μεγαλοπρέπεια.

138 1971 209 2000 οὐδὲ
231 1969 297 2008 ’γάρ
318 1969 441 2007 ἠξίωσε
466 1969 533 1996 ’τῶν
553 1966 692 1995 πάντων
708 1966 838 1995 ἐκείνων

134 2019 236 2049 οὐδεὶς
252 2017 395 2056 ἐξελθών
406 2015 595 2054 ἀφελέσθαι
609 2027 644 2044 τι
655 2017 721 2043 τῶν
729 2014 837 2043 εἰπάν-

135 2081 204 2099 ’των
224 2069 300 2098 ἄνευ
326 2068 424 2105 τιμῆς
451 2066 626 2104 ἀργυρίου·
656 2075 741 2094 nemo
768 2068 837 2094 erat

134 2129 223 2158 quem
242 2128 302 2147 non
320 2116 529 2146 admiratione
544 2115 725 2153 percelleret
743 2114 836 2144 Vene-

134 2174 237 2199 torum
258 2167 438 2206 disciplina,
453 2169 481 2195 et
501 2166 663 2202 conjuncta
683 2174 750 2194 cum
762 2165 834 2201 jus-

134 2220 208 2249 titia
228 2218 327 2247 animi
349 2215 542 2255 maynitudo.
585 2214 685 2244 Nemo
706 2214 784 2243 enim
798 2214 836 2244 de

135 2268 273 2298 exercitu
299 2276 439 2306 eqressus
460 2266 626 2304 quicquam
652 2273 757 2293 rerum
781 2273 834 2292 su-

133 2328 214 2348 mere
227 2318 349 2347 volebat
360 2317 422 2346 nisi
430 2316 567 2354 pecunia
577 2314 721 2353 depensa.
743 2313 836 2352 (Pag.

136 2369 206 2398 188.
221 2367 287 2397 Ed.
306 2366 418 2397 Gcnev.
436 2364 541 2402 1616.)

912 1570 1161 1599 commerciorum
1189 1579 1298 1599 curam
1319 1570 1480 1601 habuere?
1509 1572 1617 1602 Cassi-

911 1619 1027 1648 odorus
1051 1628 1097 1648 1v.
1128 1621 1175 1649 13.
1197 1619 1327 1649 IIabeat
1353 1621 1438 1658 quod
1463 1625 1553 1658 emat,
1577 1631 1615 1651 ne

910 1672 1042 1707 coqatur
1056 1670 1194 1707 coyz'tare
1214 1669 1298 1707 quod
1318 1670 1457 1708 auferat.
1494 1671 1615 1700 Similia

909 1719 1007 1747 habet
1021 1727 1052 1748 V.
1070 1720 1119 1748 10.
1135 1722 1168 1748 et
1183 1721 1230 1748 13.

970 1767 1095 1806 prucl
1116 1769 1328 1808 Ammianum]
1360 1770 1462 1805 Quem
1487 1770 1558 1800 vide
1582 1774 1616 1801 et

908 1816 990 1846 libro
1004 1826 1082 1847 xxx.
1106 1818 1193 1856 (cap.
1208 1820 1237 1848 5.
1260 1819 1292 1847 in
1310 1819 1465 1849 Oratione
1487 1819 1613 1850 Juliani

910 1867 993 1905 Imp.
1022 1869 1063 1896 ad
1092 1869 1221 1905 Milites,
1244 1878 1318 1908 pag.
1343 1870 1413 1906 293,
1440 1871 1511 1902 294.
1545 1871 1612 1900 Ed.

914 1915 1016 1946 Vales.
1035 1917 1150 1955 Gron.)

967 1972 982 1994 g
1002 1967 1030 1995 A
1043 1966 1217 2006 calumnia]
1248 1968 1355 1997 Possis
1370 1972 1495 1999 vertere
1515 1979 1536 1999 a
1557 1980 1613 2000 ra-

901 2017 993 2055 pina,
1005 2027 1068 2056 quo
1084 2027 1177 2047 sensu
1192 2028 1229 2048 ea
1242 2029 1303 2048 vox
1318 2020 1493 2049 sumiturin
1506 2030 1612 2060 graeca

906 2067 1049 2097 versione
1065 2068 1141 2097 Jobi
1156 2078 1248 2098 XXXV.
1265 2070 1294 2099 9.
1316 2069 1433 2098 Psalm.
1445 2070 1525 2099 cxix.
1540 2072 1609 2100 122.

906 2116 999 2146 Prov.
1024 2117 1086 2146 xiv.
1112 2119 1170 2154 313
1193 2118 1268 2148 xxii.
1291 2118 1347 2154 163
1368 2119 1475 2149 xxviii.
1496 2121 1525 2149 3.
1547 2120 1610 2149 Ec-

906 2166 1060 2195 elesiastae
1082 2167 1122 2196 iv.
1150 2168 1179 2196 1.
1213 2168 1290 2196 item
1313 2167 1446 2197 Levitici
1472 2169 1536 2198 xiX.
1560 2172 1608 2199 11.

905 2215 1049 2244 Eandem
1064 2225 1200 2254 graecam
1215 2226 1324 2246 vocem
1343 2227 1401 2256 per
1415 2218 1609 2257 defraudare

905 2265 1000 2294 vertit
1014 2265 1164 2302 vulgatus
1179 2266 1336 2304 interpres
1350 2267 1446 2297 Lucae
1461 2269 1524 2298 xiX.
1539 2270 1569 2298 8.

964 2313 978 2334 ¹¹
1003 2314 1145 2344 Contenti
1166 2319 1259 2345 estote
1285 2317 1450 2354 stipendiis
1476 2318 1606 2357 vestris]

904 2363 1092 2393 Ambrosius
1117 2365 1158 2395 ad
1181 2366 1266 2395 hunc
1287 2366 1382 2396 Lucae
1404 2367 1530 2397 locum:
1556 2368 1606 2396 id-

135 2541 178 2562 or
197 2528 309 2574 plu-ck
337 2539 361 2562 α
386 2529 499 2562 bunch
526 2528 572 2574 of
586 2538 740 2572 9rapes‚·
771 2537 813 2559 or
841 2531 899 2560 cut
928 2527 981 2561 tlze
1004 2538 1101 2568 corn,
1131 2539 1173 2561 or
1201 2528 1357 2562 demand
1382 2528 1441 2568 oil,
1472 2531 1543 2565 salt
1562 2543 1605 2566 or

135 2586 246 2619 woocl.

299 2584 349 2619 So
366 2583 431 2619 the
453 2595 556 2618 same
577 2583 701 2617 writer
718 2583 756 2616 in
777 2582 1038 2617 Cassiodorus:
1065 2584 1132 2618 Let
1153 2585 1206 2619 the
1225 2585 1353 2618 soldier
1371 2584 1435 2619 live
1451 2587 1535 2621 with
1551 2589 1604 2623 the

128 2641 353 2687 provincials
383 2640 575 2684 according]
604 2645 637 2673 to
662 2640 715 2674 tlte
739 2639 821 2673 civil
845 2639 926 2681 law,
949 2640 1026 2674 ancl
1047 2641 1136 2675 slzew
1164 2652 1210 2675 no
1235 2641 1400 2686 military
1420 2641 1600 2680 insolence,

136 2699 208 2732 The
223 2698 333 2732 shielol
348 2697 378 2731 is
387 2698 460 2742 sor
477 2697 529 2731 the
544 2696 742 2741 protection
761 2697 806 2744 qf
819 2696 871 2730 the
885 2702 1127 2741 countrymen.
1171 2697 1222 2732 So
1239 2697 1465 2743 Xenophon,
1481 2701 1520 2735 in
1536 2701 1603 2736 the

131 2755 324 2789 Anabasis.

203 2815 225 2846 4
255 2810 341 2845 And
360 2810 479 2845 hence
493 2821 548 2845 we
565 2820 626 2845 see
642 2808 707 2843 the
723 2809 898 2854 meaning
913 2808 956 2843 of
969 2808 1051 2842 that
1068 2808 1187 2843 which
1205 2819 1277 2843 was
1294 2809 1374 2845 said
1390 2813 1430 2844 to
1448 2810 1602 2846 soldiers

132 2868 182 2915 by
203 2879 224 2903 a
240 2867 412 2914 prophet,
430 2867 504 2902 and
525 2877 596 2902 one
613 2865 695 2901 that
712 2877 784 2901 was
804 2868 953 2911 greater
973 2864 1066 2899 than
1087 2876 1109 2899 a
1125 2865 1286 2911 prophet
1308 2866 1430 2909 (Luke
1447 2867 1496 2901 iii.
1520 2866 1599 2910 14):

132 2926 193 2960 Do
214 2925 361 2960 violence
382 2931 415 2960 to
444 2936 490 2959 no
510 2936 609 2966 man,
631 2923 764 2958 neither
788 2933 908 2958 accuse
933 2933 1006 2967 any
1028 2922 1176 2969 falsely,
1201 2924 1277 2957 ancl
1300 2925 1336 2959 be
1362 2930 1498 2959 content
1518 2925 1602 2959 with

1315 2991 1464 3031 19-2
