1971 3326
718 179 783 215 Ao
812 179 1115 217 VERBORUM.

67 296 255 326 Liberorum
271 306 342 327 cum
364 297 551 336 parentibus
571 296 775 326 matrimonia
795 305 873 326 con-

108 348 159 375 tra
168 345 222 384 jus
237 349 368 376 naturae.
390 347 424 376 ii.
438 348 467 382 5,
483 348 530 383 12,
548 348 576 381 2,
590 347 610 375 3

67 395 216 426 Libertas
231 397 359 435 quando
376 397 465 434 justa
485 396 562 425 belli
577 405 679 425 causa.
701 395 732 425 ii.
750 397 798 433 22,
815 397 873 432 11;

108 445 141 474 ii.
157 447 186 481 4,
199 447 245 482 14,
263 448 289 482 1,
306 448 334 474 2.
376 447 449 481 Quo
473 455 567 475 sensu
591 446 755 474 naturalis.
778 446 807 475 ii.
825 447 873 481 22,

108 495 165 530 113
179 494 224 524 iii.
240 495 268 530 7,
284 496 313 529 1,
329 496 357 524 1.
401 496 454 523 An
471 504 534 533 pax
555 495 689 532 placeat,
704 495 809 532 gravis
823 495 872 522 in-

108 544 235 573 terdum
260 544 458 574 deliberatio.
488 545 521 574 ii.
549 546 597 581 24,
622 544 651 581 6,
675 546 702 580 1,
727 546 764 581 23
798 544 818 573 i.
841 545 872 581 4,

109 593 157 629 19,
178 594 197 622 2

68 641 227 673 Libertati
253 644 453 681 praeferenda
476 644 542 673 vita
565 643 676 682 populi
700 643 809 672 totius.
842 642 873 672 ii.

108 693 157 728 24,
172 692 200 728 6,
215 693 243 728 2,
258 694 278 722 3

69 740 217 771 Libertas
237 742 348 780 populi
370 742 446 780 quid
468 742 634 780 significet.
656 742 677 771 i.
692 743 720 777 3,
736 742 784 777 12,
799 742 829 775 1,
844 743 873 770 2.

109 791 315 820 Subditorum
331 793 494 831 obligatur
507 801 546 821 ex
560 792 646 820 facto
661 791 873 829 superiorum.

109 841 153 871 iii.
168 842 198 877 2,
211 842 240 878 2,
255 843 283 870 1.
325 841 473 871 Bellandi
497 850 561 869 non
588 840 794 879 praesumitur
817 840 874 869 ab-

109 891 223 921 dicata.
246 891 278 921 ii.
294 892 343 928 16,
357 893 405 929 13,
421 894 440 920 2

68 939 181 971 Licere
195 950 255 979 pro
266 941 339 980 jure
355 944 497 971 externo.
518 941 551 971 ii.
566 942 613 977 12,
628 940 677 976 26,
692 942 708 969 1
723 951 731 977 ,
746 940 790 970 iii.
804 942 833 977 4,
847 941 877 976 2,

110 991 140 1026 2,
155 989 183 1019 ὅτι
199 999 270 1028 cap.
286 992 333 1027 10,
345 992 373 1027 1,
386 990 413 1020 δε
423 992 452 1027 2,
462 993 490 1027 1,
502 993 531 1020 2.
556 990 627 1020 Vox
636 990 786 1028 ambigua
797 999 876 1028 quas

112 1040 361 1079 significationes
376 1041 501 1070 habeat.
525 1040 568 1070 iii.
583 1042 614 1076 4,
631 1042 661 1075 2,
676 1042 704 1076 1,
719 1041 748 1069 2.
779 1040 876 1075 Quae-

112 1090 185 1119 dam
207 1090 369 1126 dicuntur,
382 1100 453 1128 quae
468 1090 586 1119 rectius
603 1090 696 1118 aliter
710 1089 801 1118 fiunt.
832 1089 876 1120 iii.

111 1141 141 1176 4,
157 1141 186 1176 2,
207 1141 236 1177 1,
252 1139 280 1169 ὅτ.
296 1149 367 1177 cap.
384 1141 431 1175 10,
447 1141 475 1174 1,
491 1141 522 1175 1,
536 1141 565 1175 2,
581 1141 608 1168 1.
635 1139 687 1168 Ob
703 1138 876 1177 impunita-

112 1191 189 1220 tem.
212 1189 252 1219 iv,
268 1190 297 1225 4,
312 1190 341 1225 2,
356 1190 386 1226 2,
402 1187 430 1217 ὅτ,
446 1197 516 1226 cap.
533 1190 579 1225 10,
592 1190 619 1224 1,
630 1190 659 1218 3.
683 1189 878 1226 Oppositum

112 1239 141 1268 ei
155 1239 241 1277 quod
251 1239 353 1273 decet,
363 1242 420 1268 aut
432 1241 572 1277 oportet.
593 1239 636 1269 iii.
646 1239 676 1273 4,
687 1240 715 1275 2,
727 1240 756 1276 2,
769 1237 796 1268 &1
808 1247 878 1276 cap.

113 1290 161 1325 10,
176 1290 204 1325 1,
217 1290 246 1325 2,
261 1290 289 1325 2,
305 1291 322 1317 1

72 1334 188 1364 Limen
203 1338 236 1364 et
248 1335 338 1364 limes
356 1335 452 1365 idem.
473 1334 516 1364 iii.
533 1334 562 1369 9,
578 1335 594 1363 1

73 1384 218 1414 Limitati
231 1384 310 1422 agri.
331 1384 363 1413 ii.
377 1386 408 1421 3,
420 1384 469 1419 16,
485 1386 518 1420 13
539 1384 571 1414 ii.
586 1385 615 1419 8,
631 1384 678 1418 12,
694 1385 710 1412 1

74 1433 130 1465 Lis
143 1436 250 1472 potest
266 1433 417 1472 utrinque
434 1443 502 1463 esse
524 1433 592 1462 sine
614 1435 756 1471 peccato.
778 1432 810 1462 ii.
828 1433 878 1471 23,

114 1485 164 1520 13,
178 1485 198 1513 3

73 1531 192 1562 Literae
206 1533 334 1563 Marcae.
356 1534 402 1564 iii.
418 1535 446 1570 2,
461 1535 481 1562 4

76 1581 219 1620 Litigare
235 1582 424 1612 Christianis
447 1593 510 1622 quo
528 1593 624 1613 sensu
638 1584 783 1614 vetitum.
815 1583 835 1612 i.
851 1584 881 1620 2,

114 1633 144 1669 8,
157 1634 195 1669 43
211 1633 242 1662 ii.
259 1634 308 1669 24,
324 1635 354 1669 2,
369 1634 389 1662 4

73 1680 183 1710 Littus
197 1691 341 1720 quorum.
361 1682 393 1712 ii.
410 1684 440 1721 3,
455 1683 484 1719 9,
499 1685 518 1712 2

74 1730 162 1762 Loca
174 1731 207 1760 in
221 1732 288 1761 solo
303 1735 417 1770 pacato
434 1733 540 1771 posita
558 1742 622 1771 quo
636 1742 710 1762 casu
724 1735 811 1763 recte
825 1742 880 1762 oc-

116 1784 275 1819 cupentur
289 1792 308 1810 a
321 1783 471 1812 bellante.
492 1784 524 1812 ii.
539 1785 569 1819 2,
586 1785 634 1819 10,
650 1785 665 1812 1

76 1829 200 1859 Locans
215 1831 358 1868 pluribus
373 1841 502 1869 operam
517 1842 557 1861 an
577 1842 596 1861 a
615 1832 747 1869 singulis
761 1840 881 1861 merce-

117 1879 188 1909 dem
204 1879 236 1908 in
250 1880 385 1909 solidum
401 1881 528 1918 exigere
542 1881 652 1919 possit.
673 1881 704 1911 ii.
721 1883 768 1917 12,
784 1882 821 1911 19

77 1927 261 1957 Locationis
271 1932 304 1958 et
318 1930 538 1958 conductionis
554 1934 676 1959 natura.
698 1930 731 1959 ii.
747 1932 795 1966 12,
810 1931 849 1960 18

78 1976 217 2007 Locator
231 1978 326 2007 tertio
341 1987 407 2007 rem
422 1979 541 2014 locans,
555 1979 739 2008 conductori
753 1982 882 2008 tenetur

118 2027 158 2056 de
171 2036 209 2056 eo
227 2028 313 2065 quod
331 2028 476 2066 percipit.
499 2028 576 2056 ibid.
620 2028 736 2066 Operae
750 2029 791 2056 ad
805 2028 882 2066 quid

118 2078 279 2106 teneatur.
299 2077 331 2105 ii.
348 2078 396 2112 12,
412 2077 450 2107 19

80 2124 312 2163 Locupletatus
326 2135 365 2154 ex
382 2135 417 2155 re
438 2126 553 2162 aliena,
576 2128 707 2155 eatenus
728 2126 768 2154 ad
788 2126 882 2155 resti-

120 2173 278 2203 tutionem
293 2177 431 2211 tenetur,
446 2178 478 2204 et
493 2184 601 2212 quare.
622 2175 653 2203 ii.
673 2176 719 2210 10,
734 2176 761 2210 2,
777 2176 804 2210 1,
821 2173 848 2204 &
863 2176 883 2203 2

80 2222 217 2254 Locutio
241 2224 280 2252 de
307 2224 416 2253 futuro
452 2228 569 2254 nostrae
600 2225 769 2262 potestatis
803 2233 882 2262 quo-

119 2272 242 2310 tuplex.
264 2273 297 2301 ii.
313 2274 362 2309 11,
376 2274 407 2310 2,
422 2275 442 2303 3

80 2321 266 2351 Locutionis
287 2323 445 2360 ambiguae
465 2322 629 2360 usurpatio
645 2322 771 2360 quando
786 2322 881 2352 licita.

120 2372 163 2400 iii.
182 2373 209 2407 1,
225 2373 274 2408 10,
287 2373 326 2401 13

81 2421 235 2451 Ludovici
253 2424 286 2450 et
304 2421 444 2451 Ga-leatii
465 2421 679 2451 controversia
701 2421 740 2450 de
761 2420 884 2450 Medio-

122 2469 206 2498 lano.
228 2469 261 2498 ii.
276 2469 306 2505 7,
320 2470 357 2499 19

462 2550 508 2580 Μ.

84 2621 256 2652 Maccabaei
275 2621 361 2651 bello
383 2621 573 2659 adjuverunt
590 2624 768 2652 extraneos.
811 2622 886 2653 Vide

125 2672 297 2701 Asmonaei.
319 2672 350 2700 ii.
368 2672 415 2707 15,
430 2671 458 2707 9,
474 2671 494 2700 6

84 2721 337 2751 Maccahaeorum
352 2721 531 2750 resistentia
545 2720 655 2759 qualis.
677 2721 697 2751 i.
712 2722 742 2758 4,
755 2722 782 2759 7,
797 2723 817 2752 5

85 2771 297 2800 Macedonum
312 2770 364 2798 lex
379 2770 523 2807 quaedam
537 2770 664 2807 injusta.
686 2770 717 2800 ii.
735 2772 782 2807 21,
798 2772 837 2800 15

85 2821 295 2858 Magistratus
308 2820 471 2849 inferiores
481 2829 638 2848 summum
649 2820 813 2858 imperium
830 2821 887 2850 ha-

124 2871 213 2901 benti
222 2871 308 2909 juste
326 2870 471 2900 resistere
486 2879 549 2899 non
564 2873 708 2909 possunt.
729 2871 750 2900 i.
765 2873 796 2906 4,
812 2871 840 2908 6,
854 2873 885 2910 1,

125 2922 156 2951 5.
200 2920 372 2951 Christiani
393 2919 484 2950 Pauli
505 2922 659 2958 tempore.
682 2920 703 2951 i.
720 2921 750 2956 2,
766 2921 796 2958 7,
812 2923 840 2959 1,
856 2923 885 2952 2.

1663 174 1748 218 427

980 295 1109 326 Hebraei
1126 304 1189 325 non
1210 296 1396 326 restiterunt
1410 295 1501 325 malis
1519 295 1659 334 regibus.
1680 295 1700 325 i.
1716 296 1745 332 4,

978 347 1007 383 6,
1022 348 1051 383 3,
1064 348 1093 376 4.
1137 347 1186 375 Ex
1202 347 1316 384 quibus
1331 346 1454 375 damnis
1470 349 1627 375 teneatur.
1648 345 1680 374 ii.
1696 347 1744 381 17,

979 398 1028 433 20,
1049 399 1077 426 1.
1119 400 1172 425 An
1200 399 1383 432 teneantur,
1418 405 1455 425 eo
1484 397 1568 434 quod
1597 406 1616 424 a
1641 396 1746 424 nautis

981 447 1160 477 cautionem
1176 455 1239 475 non
1255 446 1433 484 exegerint.
1456 446 1533 476 ibid.
1558 446 1746 484 Oppidanos

981 500 1139 535 quatenus
1153 497 1286 535 obliget.
1310 496 1353 526 iii.
1371 498 1420 533 22,
1436 496 1455 526 G

941 547 1136 576 Maharbalis
1152 547 1282 575 sactum.
1307 546 1351 575 iii.
1365 547 1413 582 22,
1427 546 1457 582 9,
1471 547 1490 574 2

942 594 1241 624 Mahumetistarum
1260 594 1367 632 opinio
1382 594 1421 623 de
1440 593 1629 623 necessitate
1651 593 1746 623 resti-

981 644 1124 674 tutionis.
1147 644 1189 673 iii.
1208 646 1257 680 10,
1272 646 1292 673 3

942 693 1093 731 Majestas
1109 702 1167 732 pro
1182 693 1340 732 dignitate
1354 693 1540 732 imperantis
1555 693 1702 723 sumitur.
1724 693 1746 723 i.

981 745 1010 779 3,
1026 745 1073 779 21,
1089 745 1117 779 1,
1131 745 1161 773 2.
1206 744 1291 779 Quid
1306 744 1356 773 sit.
1379 744 1456 773 ibid.

942 792 1157 829 Majoratuum
1174 792 1250 830 jura
1271 795 1415 831 tempore
1434 793 1636 823 amittuntur.
1667 792 1700 821 ii.
1716 793 1746 830 4,

983 843 1031 879 10,
1058 843 1095 878 33
1116 842 1272 871 successio
1297 843 1329 871 in
1353 851 1454 881 regno
1481 842 1642 873 Castellae.
1670 842 1703 871 ii.
1718 843 1747 879 7,

983 892 1034 926 22,
1052 893 1069 920 1

943 941 1128 971 Mandantis
1141 942 1244 970 morte
1257 949 1298 968 an
1312 942 1422 978 pereat
1436 940 1633 970 mandatum.
1655 940 1686 970 ii.
1700 942 1749 977 11,

984 990 1022 1020 16

944 1040 1145 1070 Mandatario
1175 1038 1280 1078 (cum)
1308 1039 1362 1077 qui
1394 1040 1564 1076 contrahit,
1595 1040 1691 1069 etiam
1720 1040 1747 1070 si

982 1091 1198 1120 mandatarius
1211 1090 1397 1118 mandatum
1412 1090 1556 1125 excedat,
1571 1090 1747 1128 obligatur.

984 1141 1016 1170 ii.
1034 1142 1082 1176 11,
1098 1141 1134 1168 11

944 1189 1165 1219 Mandatarius
1179 1189 1365 1218 mandatum
1380 1190 1535 1219 excedens
1549 1189 1677 1228 quando
1692 1197 1750 1218 nos

987 1239 1120 1276 obliget.
1142 1237 1219 1267 ibid.

947 1288 1119 1317 Mandator
1134 1287 1175 1316 ad
1197 1287 1273 1324 quid
1286 1289 1443 1317 teneatur.
1465 1287 1498 1315 ii.
1514 1288 1561 1323 12,
1577 1287 1624 1322 13,
1639 1288 1656 1315 1

946 1337 1135 1367 Mandatum
1151 1346 1191 1365 an
1206 1337 1331 1375 impleri
1345 1337 1445 1374 possit
1458 1346 1516 1375 per
1529 1335 1751 1374 aequipollens.

986 1387 1017 1416 ii.
1034 1387 1083 1425 16,
1099 1388 1148 1416 21.
1170 1386 1347 1424 Excedens,
1371 1390 1404 1415 et
1426 1387 1469 1415 sic
1492 1396 1563 1415 cum
1587 1386 1649 1414 alio
1673 1395 1749 1415 con-

985 1437 1126 1472 trahens,
1146 1436 1186 1464 ad
1209 1436 1286 1474 quid
1304 1435 1476 1474 obligetur.
1506 1435 1550 1464 iii.
1572 1436 1620 1471 22,
1634 1436 1663 1469 4,
1677 1437 1705 1470 1,
1719 1436 1749 1465 3.

990 1486 1147 1515 Generale
1162 1488 1194 1515 et
1207 1486 1343 1524 speciale
1357 1485 1389 1514 in
1405 1485 1500 1514 bello.
1523 1486 1567 1514 iii.
1584 1486 1631 1521 18,
1647 1487 1676 1520 1,
1691 1486 1711 1514 4

947 1535 1102 1564 Mandata
1115 1536 1251 1573 publica,
1265 1544 1336 1573 quae
1352 1535 1457 1564 nautis
1472 1535 1589 1564 dantur
1602 1535 1752 1564 adversus

988 1585 1120 1623 piratas.
1141 1585 1172 1614 ii.
1189 1585 1236 1621 17,
1252 1586 1301 1622 20,
1318 1587 1335 1614 1

948 1635 1063 1664 Manlii
1083 1635 1202 1663 bellum
1224 1635 1257 1663 in
1283 1635 1500 1674 Gallograecos
1524 1635 1628 1673 quale.
1657 1634 1702 1664 iii.
1722 1634 1752 1671 3,

990 1685 1028 1713 10

949 1733 1111 1762 Manubiae
1125 1734 1213 1772 quid.
1234 1734 1277 1764 iii.
1293 1734 1324 1768 6,
1341 1734 1388 1770 16,
1403 1735 1420 1763 1

949 1783 1156 1812 Manumissio
1171 1784 1331 1813 interdum
1347 1784 1452 1814 omitti
1466 1784 1533 1814 sine
1547 1786 1680 1822 peccato
1694 1793 1752 1814 ne-

990 1834 1069 1870 quit.
1091 1833 1134 1863 iii.
1151 1835 1198 1869 14,
1215 1834 1245 1870 6,
1262 1835 1293 1870 4,
1307 1835 1326 1863 5

949 1882 1095 1911 Marcelli
1120 1882 1199 1921 (M.)
1218 1883 1394 1912 moderatio
1410 1883 1443 1911 in
1461 1883 1612 1914 victoriis..
1644 1883 1687 1913 iii.
1703 1885 1752 1920 12,

990 1933 1019 1967 7,
1034 1933 1053 1960 2

949 1981 1056 2010 Mares
1070 1981 1194 2010 feminis
1209 1982 1422 2019 praeferuntur
1435 1982 1467 2011 in
1478 1983 1586 2021 regnis
1600 1992 1620 2012 a
1633 1983 1754 2022 populo

990 2031 1114 2060 delatis.
1136 2031 1167 2059 ii.
1183 2031 1211 2067 7,
1229 2033 1265 2060 17

950 2079 1041 2108 Mare
1056 2089 1095 2108 an
1110 2081 1276 2118 proprium
1296 2080 1363 2109 fieri
1384 2081 1495 2120 possit,
1516 2091 1556 2110 an
1576 2085 1663 2112 terra
1676 2092 1753 2112 con-

990 2130 1140 2159 tineatur.
1164 2131 1194 2159 ii.
1210 2133 1239 2167 2,
1253 2133 1282 2167 3,
1298 2133 1325 2167 1,
1340 2133 1368 2161 2.
1412 2132 1485 2160 Non
1505 2132 1649 2162 divisum.
1678 2133 1710 2162 ii.
1725 2134 1755 2169 2,

992 2181 1020 2216 3,
1035 2182 1063 2216 2,
1078 2183 1107 2210 3.
1150 2182 1189 2210 In
1214 2181 1348 2210 fundum
1364 2182 1547 2211 admissum.
1569 2183 1601 2211 ii.
1617 2184 1646 2218 3,
1661 2185 1710 2219 10,
1724 2184 1754 2213 2.

993 2229 1213 2268 Occupatione
1235 2231 1351 2260 omissa
1374 2231 1415 2260 ad
1437 2235 1583 2260 naturam
1607 2232 1700 2262 redit.
1721 2232 1755 2262 ii.

991 2280 1020 2315 3,
1036 2281 1083 2308 11.
1125 2280 1305 2319 Navigandi
1327 2281 1382 2318 jus
1407 2282 1439 2309 in
1467 2282 1557 2311 mari.
1593 2282 1625 2310 ii.
1653 2283 1682 2318 3,
1704 2284 1754 2313 12.

992 2330 1166 2367 Imperium
1181 2330 1213 2358 in
1229 2331 1309 2358 mari
1323 2339 1458 2368 quorum
1474 2332 1525 2360 sit.
1548 2332 1579 2361 ii.
1593 2333 1622 2368 3,
1638 2333 1676 2361 13

952 2379 1052 2408 Maris
1066 2388 1140 2416 pars
1157 2382 1313 2417 quatenus
1335 2379 1483 2417 occupari
1502 2380 1612 2417 possit.
1634 2381 1666 2411 ii.
1682 2382 1712 2417 3,
1724 2382 1755 2418 8,

993 2430 1041 2464 10,
1058 2431 1075 2457 1

953 2478 1089 2507 Maritus
1104 2480 1200 2516 caput
1214 2478 1321 2507 uxoris
1335 2487 1398 2516 quo
1413 2486 1517 2508 sensu.
1538 2478 1569 2507 ii.
1585 2479 1614 2515 5,
1628 2480 1649 2509 8

953 2527 1131 2556 Masculina
1146 2536 1204 2565 pro
1219 2527 1448 2556 communibus.
1470 2527 1500 2556 ii.
1516 2527 1563 2564 16,
1577 2529 1597 2559 9

954 2576 1061 2605 Mater
1075 2577 1234 2614 quomodo
1249 2576 1350 2614 magis
1364 2580 1452 2606 certa
1465 2580 1565 2615 patre.
1587 2577 1620 2609 ii.
1633 2578 1661 2615 7,
1675 2579 1706 2614 8,
1722 2580 1741 2608 1

954 2625 1192 2654 Matrimonium
1209 2625 1284 2662 quid
1299 2625 1340 2653 sit
1352 2634 1390 2654 ex
1399 2625 1472 2663 jure
1484 2629 1617 2656 naturae.
1637 2627 1669 2658 ii.
1684 2629 1714 2665 5,
1725 2630 1755 2665 8,

992 2676 1022 2705 2.
1064 2675 1257 2704 An.irritum
1278 2674 1443 2704 deficiente
1464 2685 1619 2706 consensu
1638 2687 1754 2716 paren-

994 2727 1074 2753 tum.
1094 2724 1125 2753 ii.
1142 2725 1172 2760 5,
1186 2725 1235 2760 10,
1249 2726 1277 2760 1,
1291 2726 1320 2760 2,
1335 2725 1364 2754 3.
1389 2725 1519 2755 Irritum
1537 2735 1609 2755 cum
1623 2727 1755 2757 alterius

993 2772 1127 2802 viventis
1152 2773 1299 2811 conjuge.
1329 2774 1360 2803 ii.
1385 2775 1414 2810 5,
1439 2776 1486 2806 11.
1528 2776 1581 2805 Ad
1605 2786 1755 2816 morgen-

993 2822 1148 2860 gabicam.
1170 2822 1201 2850 ii.
1218 2823 1245 2858 7,
1260 2824 1289 2859 8,
1303 2824 1330 2852 3.
1373 2823 1472 2862 Apud
1491 2828 1614 2855 veteres
1633 2827 1753 2856 Roma-

993 2880 1051 2899 nos
1065 2871 1258 2909 postliminio
1270 2881 1333 2901 non
1348 2873 1585 2906 restituebatur.
1601 2875 1645 2906 iii.
1656 2875 1686 2911 9,
1696 2876 1754 2913 9,2

954 2919 1152 2950 Matrimonii
1166 2920 1279 2959 petitio
1293 2922 1411 2960 injusta
1430 2923 1506 2954 belli
1520 2933 1623 2955 causa.
1654 2925 1686 2955 ii.
1701 2927 1752 2963 22,
