1971 3326
754 183 817 219 Ao
847 183 1147 220 VERBORUM.

112 302 276 339 Ἀπλότης
290 303 375 343 quid.
397 304 474 334 ibid.

113 354 338 393 Ἀποστερεῖν.
362 355 392 385 ii.
408 357 456 390 20,
471 355 519 391 39,
534 356 554 385 3

113 404 346 443 Apostolorum
357 405 513 444 judicatio
527 406 639 444 qualis.
661 406 692 435 ii.
709 406 757 443 22,
774 407 822 442 14,
838 407 855 435 1

113 455 277 494 Aptitudo
287 455 368 495 juris
384 457 513 494 speeies,
527 457 612 495 quid.
628 457 648 487 i.
660 458 728 493 1,7;
742 457 773 487 ii.
787 458 834 493 17,
846 458 875 493 2,
886 457 914 486 2.

154 507 286 536 Mor-alis
301 517 364 536 non
383 507 461 537 facit
480 508 567 536 nasei
582 508 808 546 obligationem
824 508 917 537 resti-

154 559 297 590 tutionis,
317 559 350 589 ii.
366 560 414 597 17,
427 562 455 596 2,
470 561 498 590 2.
547 560 590 589 Et
611 560 739 598 proprie
763 559 918 596 debitum,

153 609 234 638 bene
249 609 473 648 distinguenda
493 610 548 639 ubi
569 612 772 639 concurrunt.
794 609 826 639 ii.
842 610 870 646 7,
885 611 916 648 3,

153 659 184 695 4,
198 660 235 697 13
258 659 291 689 ii.
307 659 354 696 17,
369 661 398 696 2,
413 661 431 689 2

115 708 215 748 Aqua
229 710 390 748 profluens
404 719 550 748 quaenam
566 710 616 741 sit.
638 710 669 739 ii.
687 712 715 747 2,
731 712 769 739 12

115 761 230 798 Aquas
244 769 446 798 corrumpere
460 760 491 788 in
507 761 590 790 bello
602 770 642 790 an
658 761 763 790 liceat.
785 760 827 789 iii.
838 761 868 797 4,
880 760 917 791 17

114 809 187 839 Ara
197 810 421 839 Misericordiae
431 810 516 848 apud
526 810 752 840 Athenienses
767 810 798 840 ii.
807 812 855 847 21,
863 811 891 847 5,
900 811 919 839 2

115 860 248 889 Aratori
262 860 335 889 bovi
349 861 553 898 parcendum.
577 860 607 890 ii.
623 862 670 896 12,
683 862 712 897 4,
727 862 746 889 4

115 910 251 940 Arbiter
272 911 310 939 de
332 910 417 939 bello
438 910 539 939 lectus
562 911 600 939 de
622 910 819 948 possessione
845 919 920 948 pro-

118 968 120 971 ·
155 962 303 990 nuntiare
318 961 422 991 debet.
445 961 487 991 iii.
499 963 550 996 20,
564 963 614 992 48.
642 961 768 991 Arbitri
783 962 919 991 officium

155 1012 252 1051 quod.
278 1012 321 1042 iii.
338 1013 386 1049 20,
400 1012 449 1042 47.
492 1013 582 1042 Inter
602 1022 694 1051 reges
716 1012 765 1042 vel
782 1012 917 1051 judiees

155 1063 232 1093 ibid.
274 1062 482 1092 Arbitrorum
497 1072 627 1102 genera.
649 1063 691 1093 iii.
708 1065 755 1100 20,
770 1065 810 1092 44

115 1109 223 1139 Arbor
237 1110 376 1139 scientiae
396 1111 471 1139 boni
486 1113 517 1140 et
533 1111 616 1147 mali,
632 1110 720 1149 eujus
735 1110 780 1139 rei
795 1111 920 1149 symbo-

156 1160 232 1190 lum.
255 1161 285 1190 ii.
303 1162 331 1197 2,
346 1162 373 1197 2,
388 1162 407 1190 2

116 1210 224 1241 Arbor
237 1211 320 1247 vitm,
335 1210 423 1249 eujus
438 1210 483 1240 rei
497 1211 684 1250 symbolum.
706 1212 782 1242 ibid.

117 1262 260 1293 Areifinii
274 1262 354 1300 agri,
368 1262 433 1291 sive
448 1263 653 1300 occupatorii.
676 1263 707 1292 ii.
723 1265 751 1300 3,
767 1263 814 1299 16,
830 1265 845 1293 1

116 1311 385 1351 Ἀρχιτεκτονική
399 1311 565 1341 Aristoteli
580 1322 660 1350 quae.
683 1313 702 1342 ἰ.
717 1315 745 1350 3,
762 1314 790 1350 6,
805 1316 824 1342 2

117 1362 328 1401 Argumentis
355 1362 485 1401 paribus
513 1371 586 1400 pars
614 1366 687 1392 utra
711 1364 919 1402 praeferenda.

158 1414 190 1443 ii.
205 1414 253 1450 23,
267 1414 287 1443 5

119 1463 332 1502 Argumenta,
356 1464 462 1502 qualia
486 1463 518 1492 in
536 1464 717 1503 judicandis
739 1466 920 1497 moralibus.

158 1515 191 1546 ii.
206 1517 253 1552 23,
267 1516 296 1551 3,
311 1517 330 1544 4

119 1566 220 1596 Arma
234 1566 318 1604 apud
340 1566 477 1596 Roman.
499 1566 695 1604 postliminio
710 1576 767 1596 eur
787 1577 849 1597 non
871 1577 920 1598 re-

159 1619 262 1655 cepta.
283 1616 326 1646 iii.
341 1617 370 1653 9,
384 1618 434 1652 14,
449 1618 468 1646 2

132 1685 212 1692 -—
232 1667 316 1696 hosti
331 1666 462 1705 alicujus
483 1666 721 1696 subministrare
743 1668 841 1698 hostis
864 1672 922 1700 est.

160 1715 203 1744 iii.
218 1716 247 1750 1,
261 1715 289 1750 5,
304 1716 322 1743 2

122 1765 230 1796 Armis
244 1764 382 1794 hostium
398 1764 444 1793 uti
460 1763 595 1793 licitum.
616 1764 659 1793 iii.
678 1766 704 1801 1,
720 1766 749 1801 8,
766 1766 785 1794 4

121 1818 295 1846 Armorum
307 1824 367 1843 vox
381 1814 457 1853 quid
472 1814 639 1852 significet.
660 1815 690 1845 ii.
707 1816 755 1853 16,
769 1817 789 1846 5

122 1862 320 1900 Arragonica
335 1861 502 1892 successio.
522 1861 554 1890 ii.
571 1862 601 1897 7,
617 1861 656 1892 36

122 1911 307 1949 Arrogatio.
331 1911 363 1941 ii.
377 1912 405 1948 5,
421 1911 461 1942 26

123 1962 253 1993 Artium
277 1962 430 1991 vocabula
463 1962 623 2000 quomodo
653 1963 846 2002 accipienda.
888 1963 922 1993 ii.

164 2013 213 2050 16,
229 2014 248 2041 3

124 2061 196 2092 Arx
211 2061 299 2100 quid.
320 2061 352 2090 ii.
369 2060 416 2097 16,
430 2061 449 2090 3

124 2111 210 2141 Asiae
225 2120 293 2140 mos
308 2110 391 2140 circa
404 2110 556 2148 praedam.
576 2110 618 2140 iii.
634 2111 664 2147 6,
679 2112 728 2147 14,
743 2112 763 2141 3

125 2160 300 2191 Asmonaei.
327 2159 403 2190 Vide
418 2160 602 2191 Maccabaei.

124 2210 377 2241 Assecurationis
399 2212 590 2239 contractus.
613 2210 644 2240 ii.
669 2212 717 2247 12,
739 2212 769 2248 3,
789 2211 820 2242 5.
861 2211 928 2241 Na-

165 2263 247 2290 tura.
269 2260 301 2289 ii.
316 2261 366 2295 12,
381 2261 419 2289 23

125 2310 271 2342 Assertio
293 2319 313 2339 a
335 2309 542 2348 promissione
572 2309 709 2339 multum
740 2309 847 2340 distat.
882 2311 927 2342 iii,

166 2363 195 2398 1,
210 2362 259 2399 18,
276 2362 294 2391 1

277 2419 365 2440 mera
385 2409 485 2439 futuri
500 2409 586 2448 quid,
610 2412 643 2439 et
666 2419 760 2448 quam
786 2411 847 2439 vim
871 2411 927 2440 ha.

165 2463 252 2491 beat.
274 2461 305 2490 ii.
322 2462 370 2497 11,
384 2462 402 2488 2

127 2513 297 2552 Asylorum
315 2511 391 2550 jura
413 2510 528 2548 quibus
555 2511 689 2549 prosint,
715 2512 829 2550 quibus
851 2522 927 2542 non.

168 2564 200 2593 ii.
214 2564 262 2598 21,
275 2563 296 2592 5

130 2613 274 2643 Atticum
284 2611 337 2649 jus
353 2610 391 2639 de
402 2610 534 2648 captivis
546 2611 729 2648 redemptis.
750 2612 792 2641 iii.
808 2612 838 2648 9,
853 2614 929 2648 1Ο,3

129 2663 289 2694 Auctores
302 2661 377 2690 belli
391 2660 501 2699 injusti
515 2661 554 2688 ab
573 2660 641 2689 aliis
656 2660 863 2692 discernendi.
884 2663 928 2693 iii.

170 2715 219 2749 11,
233 2713 263 2746 5,
280 2713 297 2740 1

132 2762 218 2792 Aves
232 2769 365 2799 quorum
381 2759 454 2788 sint.
476 2758 507 2788 ii.
523 2760 551 2795 2,
566 2759 586 2788 5

132 2810 271 2841 Auxilia
283 2810 323 2838 ab
344 2818 408 2837 una
426 2811 518 2847 parte
536 2808 690 2846 promissa
707 2809 931 2848 intelliguntur

170 2864 277 2890 sumtu
292 2859 439 2898 petentis
460 2859 479 2888 i.
499 2858 546 2894 16,
562 2860 610 2895 12,
624 2861 644 2888 3

131 2910 300 2941 Auxilium
314 2910 440 2939 mittere
455 2908 524 2947 quis
538 2911 713 2938 excusetur.
734 2909 765 2938 ii.
783 2909 832 2945 16,
848 2910 897 2947 27,
913 2911 930 2940 1

313 2961 434 2990 venisse
449 2960 577 2999 quando
593 2961 727 2990 dicatur.
748 2960 791 2991 iii.
806 2963 857 2998 23,
874 2963 911 2990 12

1707 184 1789 224 413

1372 303 1411 333 B.

985 351 1120 381 Barbari
1144 352 1226 382 male
1251 361 1270 381 a
1294 352 1414 382 Graeeis
1438 363 1495 392 pro
1518 355 1662 386 hostibus
1678 357 1791 388 habiti.

1023 402 1054 431 ii.
1071 404 1122 439 22,
1138 404 1177 432 23

984 452 1122 483 Barclaii
1149 453 1308 483 sententia
1331 454 1370 483 de
1391 454 1466 493 jure
1493 456 1673 494 resistendi,
1704 459 1790 496 quod

1023 504 1065 533 sit
1085 513 1182 542 penes
1204 505 1369 543 populum,
1392 506 1443 535 vel
1465 506 1618 546 majorem
1633 508 1700 546 ejus
1716 519 1790 548 par-

1024 555 1100 582 tem.
1124 554 1144 583 i.
1159 556 1190 590 4,
1209 555 1238 590 7,
1253 556 1272 583 4

985 603 1131 633 Bellandi
1147 614 1204 642 pro
1219 605 1386 643 aliojustae
1401 615 1514 636 eausae.
1535 607 1566 637 ii.
1581 609 1630 645 25,
1651 610 1677 646 1,
1694 611 1709 638 1

998 654 1186 693 ——jus
1209 655 1410 684 inferioribus
1432 658 1643 695 potestatibus
1658 660 1790 698 quibus-

1026 705 1098 733 dam
1114 714 1308 736 eoncessum.
1330 706 1349 735 i.
1365 708 1392 743 3,
1408 708 1437 743 4,
1451 709 1479 744 2,
1495 707 1522 737 δι
1538 709 1566 745 5,
1582 711 1598 738 1

987 755 1184 785 Bellantium
1207 759 1298 785 extra
1318 757 1512 787 territorium
1533 769 1604 797 quae
1619 761 1791 799 capiuntur

1027 816 1066 835 an
1077 807 1149 845 jure
1163 808 1238 836 belli
1252 808 1468 845 acquiruntur.
1491 809 1533 839 iii.
1549 810 1578 846 6,
1592 811 1642 846 26,
1658 814 1677 840 2

987 856 1114 886 Bellare
1129 856 1257 895 quidam
1274 857 1345 895 lege
1360 861 1519 888 vetantur.
1539 859 1557 888 i.
1574 860 1605 896 5,
1620 862 1639 889 4

988 907 1115 937 Bellum
1129 917 1148 936 a
1162 911 1276 937 natura
1290 917 1352 946 quo
1369 918 1475 938 sensu.
1501 910 1523 939 i.
1538 911 1566 946 2,
1582 912 1610 947 1,
1627 912 1657 941 5.
1700 912 1791 944 suris

1027 958 1172 996 gentium
1188 968 1251 997 quo
1271 968 1376 989 sensu.
1397 959 1418 988 i.
1435 961 1464 996 2,
1478 961 1509 996 4,
1524 962 1551 989 1.
1594 960 1650 991 An
1666 967 1792 994 vetetur

1028 1008 1100 1046 lege
1116 1018 1186 1046 quae
1201 1009 1276 1038 data
1291 1011 1339 1038 est
1354 1009 1443 1039 Noae.
1476 1010 1495 1040 i.
1512 1012 1539 1047 2,
1554 1011 1583 1047 5,
1598 1013 1627 1041 2.
1670 1012 1722 1042 An
1737 1024 1790 1044 ve-

1028 1060 1116 1087 tetur
1125 1058 1196 1097 lege
1212 1059 1406 1096 evangelica.
1429 1059 1447 1089 i.
1458 1061 1488 1094 2,
1499 1060 1528 1097 6,
1543 1063 1570 1097 1,
1581 1061 1608 1090 8ο
1620 1062 1648 1098 7,
1659 1064 1686 1099 1,
1697 1063 1723 1092 &
1734 1065 1763 1101 8,
1774 1066 1792 1094 1

989 1107 1072 1136 Belli
1087 1107 1241 1138 definitio.
1262 1108 1284 1138 i.
1302 1111 1328 1145 1,
1343 1110 1373 1145 2,
1390 1111 1417 1139 1.
1453 1110 1545 1140 Vocis
1561 1112 1661 1150 origo.
1683 1114 1702 1143 i.
1718 1116 1747 1151 1,
1763 1116 1792 1152 2,

1029 1159 1057 1186 2.
1101 1157 1227 1187 Bellum
1244 1168 1283 1187 an
1293 1158 1417 1197 justum
1432 1160 1644 1200 aliquodjure
1660 1166 1793 1195 naturae.

1029 1205 1048 1235 i.
1065 1207 1095 1243 2,
1112 1207 1139 1242 1,
1154 1208 1184 1242 1,
1200 1208 1227 1236 2.
1269 1206 1367 1236 Aliud
1383 1207 1558 1246 privatum:
1585 1211 1671 1240 aliud
1686 1214 1792 1250 publi-

1030 1265 1121 1285 cum:
1149 1256 1235 1286 aliud
1259 1257 1404 1287 mixtum.
1427 1258 1446 1288 i.
1461 1260 1490 1295 3,
1510 1261 1537 1296 1,
1560 1262 1588 1290 1.
1629 1262 1793 1293 Privatum

1029 1316 1069 1336 an
1084 1307 1206 1336 licitum
1222 1311 1295 1345 post
1305 1309 1620 1348 constitutajudieia,
1637 1315 1669 1342 et
1679 1314 1794 1352 quibus

1029 1357 1164 1386 casibus.
1186 1357 1206 1386 i.
1221 1359 1251 1394 3,
1265 1359 1295 1394 2,
1310 1359 1338 1386 1.
1381 1358 1544 1389 Privatum
1568 1361 1699 1400 aliquod
1721 1365 1794 1403 lege

1029 1407 1128 1436 Mosis
1140 1407 1338 1446 permissum.
1360 1408 1380 1438 i.
1396 1410 1426 1447 3,
1441 1410 1471 1446 2,
1487 1411 1516 1439 2.
1548 1410 1600 1440 An
1613 1421 1683 1442 eum
1699 1423 1795 1444 evan-

1029 1456 1114 1495 gelio
1134 1460 1267 1495 pugnet.
1290 1458 1310 1487 i.
1326 1459 1355 1495 3,
1372 1460 1400 1495 3,
1417 1460 1446 1489 1.
1488 1459 1650 1492 Ambrosii
1671 1466 1704 1493 et
1725 1464 1794 1494 Au-

1029 1506 1150 1544 gustini
1165 1507 1251 1536 dieta
1264 1511 1376 1537 eontra
1390 1508 1478 1539 illud.
1501 1510 1520 1540 i.
1536 1512 1565 1548 3,
1574 1513 1602 1548 3,
1612 1514 1641 1542 2.
1664 1513 1794 1544 Justum

1031 1566 1067 1585 ae
1090 1557 1231 1587 solemne
1252 1558 1338 1596 quid.
1371 1559 1414 1589 iii.
1433 1561 1463 1596 3,
1484 1562 1513 1597 1,
1535 1563 1563 1591 1.
1605 1562 1655 1592 Ex
1680 1564 1797 1597 edicto.

1032 1606 1074 1636 iii.
1090 1608 1120 1644 3,
1136 1608 1164 1636 5.
1209 1607 1268 1636 Cn.
1285 1608 1398 1636 Manlii
1414 1608 1446 1637 in
1463 1609 1595 1640 Galatas
1609 1621 1649 1640 an
1660 1611 1795 1650 justum.

1033 1656 1052 1686 i.
1068 1658 1097 1693 3,
1121 1658 1152 1693 5,
1172 1659 1202 1686 4.
1246 1657 1314 1687 Caii
1341 1658 1475 1688 Caesaris
1496 1661 1528 1689 in
1556 1661 1733 1692 Germanos
1755 1675 1795 1694 an

1028 1706 1162 1744 justum.
1184 1707 1205 1738 i.
1227 1709 1255 1744 3,
1276 1709 1306 1745 5,
1326 1709 1355 1738 4.
1400 1709 1526 1739 Octavii
1554 1715 1587 1741 et
1609 1712 1732 1743 Decimi
1756 1725 1796 1744 an

1027 1757 1115 1794 justa
1124 1758 1222 1787 bella:
1235 1758 1334 1787 Cassii
1346 1768 1472 1798 quoque
1482 1761 1598 1791 bellum
1611 1772 1651 1792 an
1659 1763 1796 1802 justum.

1033 1807 1053 1836 i.
1073 1809 1104 1844 3,
1126 1809 1155 1844 5,
1177 1809 1206 1838 5.
1249 1809 1428 1847 Publicum,
1452 1812 1593 1842 solemne
1617 1815 1670 1843 vel
1694 1817 1798 1847 minus

1033 1858 1185 1888 solemne.
1208 1859 1227 1888 i.
1243 1860 1271 1896 3,
1287 1861 1316 1896 4,
1331 1862 1358 1890 1.
1395 1862 1516 1892 Gerere
1530 1869 1724 1896 reservatum
1741 1869 1799 1898 ha.

1034 1908 1121 1937 beuti
1136 1918 1294 1939 summum
1309 1910 1488 1949 imperium.
1510 1913 1529 1944 i.
1544 1916 1573 1951 3,
1590 1916 1620 1952 5,
1635 1918 1664 1946 3.
1689 1918 1798 1953 Quan-

1034 1959 1075 1988 do
1090 1962 1123 1988 et
1141 1963 1298 1998 quatenus
1313 1962 1354 1990 ab
1369 1962 1570 1994 inferioribus
1586 1969 1799 2004 potestatibus

1034 2010 1102 2048 geri
1128 2011 1246 2049 possit:
1274 2015 1307 2041 et
1330 2022 1370 2041 an
1397 2014 1462 2043 tale
1490 2015 1609 2045 bellum
1634 2019 1797 2056 publicum

1034 2060 1214 2091 dicendum.
1236 2061 1255 2091 i.
1271 2063 1300 2098 3,
1314 2063 1342 2098 5,
1359 2063 1385 2092 1.
1428 2063 1471 2092 Et
1486 2073 1525 2093 an
1547 2066 1616 2103 geri
1637 2069 1737 2106 possit
1757 2071 1798 2100 ab

1034 2111 1096 2139 illis
1117 2120 1155 2140 ex
1177 2112 1361 2150 conjectura
1382 2113 1555 2145 voluntatis
1574 2119 1755 2156 superioris.
1777 2121 1798 2152 i.

1034 2162 1062 2197 3,
1077 2162 1106 2197 5,
1120 2162 1149 2191 3.
1191 2161 1242 2191 An
1257 2162 1348 2191 civile
1363 2163 1404 2192 sit
1423 2165 1514 2203 pejus
1529 2168 1707 2204 tyrannide.
1732 2170 1751 2200 i.
1766 2172 1797 2208 4,

1035 2211 1085 2248 19,
1099 2212 1129 2240 3.
1172 2211 1235 2240 Pro
1251 2212 1352 2248 sociis,
1367 2215 1399 2242 et
1411 2222 1468 2251 pro
1481 2215 1598 2245 amieis.
1621 2217 1652 2247 ii.
1664 2219 1716 2256 25,
1726 2221 1757 2255 4,
1769 2222 1798 2251 5.

1036 2261 1159 2299 Suscipi
1174 2264 1281 2299 potest
1296 2271 1354 2299 pro
1372 2263 1533 2300 quibusvis
1555 2266 1744 2300 hominibus.
1766 2271 1798 2301 ii.

1035 2311 1065 2345 3,
1081 2311 1111 2344 5,
1128 2310 1156 2340 6.
1200 2310 1251 2339 An
1267 2311 1388 2341 licitum
1404 2322 1462 2350 pro
1480 2315 1614 2345 subditis
1630 2320 1662 2346 et
1677 2320 1798 2352 alienis.

1036 2356 1067 2386 ii.
1083 2358 1131 2393 25,
1145 2359 1176 2393 7,
1189 2359 1218 2387 8.
1263 2359 1339 2387 Geri
1363 2362 1470 2396 potest
1497 2370 1555 2398 per
1575 2362 1718 2394 homines
1738 2367 1800 2396 im-

1036 2408 1162 2444 probos.
1186 2408 1216 2436 ii.
1232 2407 1281 2443 26,
1296 2409 1332 2445 53
1354 2408 1397 2438 iii.
1414 2411 1442 2446 1,
1458 2411 1505 2440 22.
1549 2411 1604 2440 An
1624 2414 1747 2445 licitum
1766 2418 1799 2448 in

1036 2465 1101 2491 eos,
1118 2457 1171 2494 qui
1186 2456 1217 2485 in
1229 2460 1373 2486 naturam
1385 2458 1584 2497 delinquunt.
1605 2463 1636 2493 ii.
1649 2466 1697 2501 20,
1707 2468 1756 2503 40,
1771 2470 1799 2498 1.

1037 2504 1090 2534 An
1106 2505 1237 2542 licitum,
1259 2508 1296 2535 ut
1317 2510 1473 2545 cogantur
1494 2510 1591 2549 aliqui
1606 2512 1672 2543 fieri
1690 2516 1800 2547 Chris-

1037 2555 1126 2584 tiani.
1147 2555 1179 2584 ii.
1194 2556 1242 2593 20,
1259 2557 1307 2592 48,
1323 2557 1350 2585 1.
1395 2556 1447 2586 Ad
1462 2558 1615 2597 injustum
1637 2565 1800 2604 obligatur

1037 2612 1139 2633 nemo.
1156 2603 1175 2633 i.
1186 2605 1214 2639 3,
1227 2605 1280 2640 233
1299 2604 1331 2634 ii.
1343 2607 1389 2641 11,
1399 2607 1435 2643 83
1458 2606 1488 2636 ii.
1500 2609 1546 2644 13,
1556 2610 1587 2646 73
1611 2611 1641 2641 ii.
1653 2614 1701 2650 15,
1712 2617 1759 2652 13,
1770 2619 1799 2648 1.

1037 2653 1100 2682 Pro
1125 2653 1192 2681 solo
1216 2653 1367 2683 offensivo
1389 2657 1517 2693 quando
1542 2664 1741 2696 sumendum.
1765 2668 1798 2700 ii.

1038 2703 1086 2739 16,
1101 2704 1149 2739 13,
1164 2705 1193 2733 3.
1235 2704 1308 2733 Non
1330 2705 1450 2735 licitum
1473 2709 1513 2737 ob
1535 2710 1662 2742 nimiam
1684 2720 1800 2754 poten-

1037 2752 1115 2781 tiam
1141 2753 1234 2781 vieini
1259 2756 1394 2786 tantum.
1417 2757 1448 2787 ii.
1474 2760 1500 2795 1,
1526 2760 1573 2797 17,
1596 2763 1624 2793 1,
1666 2765 1798 2800 Just—,un

1039 2802 1167 2831 aliunde
1184 2803 1294 2832 vitium
1317 2804 1434 2836 habere
1458 2812 1575 2846 potest.
1598 2812 1628 2843 ii.
1643 2816 1691 2852 22,
1707 2819 1754 2855 17,
1770 2821 1799 2850 1.

998 2885 1001 2888 ,
1039 2851 1092 2882 An
1103 2852 1380 2892 utrinquejustum
1394 2857 1495 2889 detur.
1517 2859 1548 2890 ii.
1563 2863 1610 2899 23,
1622 2865 1668 2894 13.
1693 2867 1800 2899 Omit-

1038 2902 1170 2931 tendum
1185 2911 1269 2941 saepe
1284 2905 1382 2935 nostri
1397 2910 1429 2936 et
1444 2912 1623 2941 nostrorum
1639 2924 1742 2947 eausa.
1766 2919 1798 2949 ii.

1039 2952 1088 2988 24,
1101 2953 1130 2989 4,
1146 2954 1174 2983 1.
1217 2953 1269 2983 Ob
1290 2964 1416 2993 poenam
1437 2960 1596 2999 suscipere
1616 2964 1711 2996 debet
1732 2976 1800 2999 esse
