1971 3326
124 163 215 200 CAP.
237 161 306 210 Χ]
510 167 670 202 FlUNT
700 167 757 203 IN
786 167 952 204 BELLO
982 168 1212 205 INJUSTO.
1518 166 1594 205 191

124 272 320 327 πόλεμον
358 269 555 322 δουλείαν
592 272 767 322 τιθέασι
804 273 979 322 δικαίαν.
1052 277 1164 325 ὅλως
1192 273 1225 321 δ’
1259 273 1308 323 οὗ
1345 281 1479 339 φασι·
1514 278 1595 332 τὴν

124 338 221 400 ’γάρ
249 338 394 403 ἀρχήν
428 338 657 404 ἐνδέχεται
691 341 751 396 μή
785 339 948 389 δικαίαν
980 345 1086 388 εἶναι
1123 346 1213 388 τῶν
1241 342 1463 398 πολέμων·
1497 348 1594 400 qui-

122 409 228 449 dam
251 411 523 464 respicientes
535 411 650 465 justi
674 412 849 464 aliquid
872 407 1021 465 (huam
1044 420 1083 453 et
1110 412 1175 454 lex
1187 413 1357 466 justum
1381 413 1492 468 quid
1516 415 1592 467 est)

111 474 283 528 justam
319 490 405 518 esse
444 478 571 518 aiunt
607 479 854 519 servitutem
891 493 942 520 ex
981 478 1114 526 bello;
1151 487 1200 520 at
1231 480 1401 520 omnino
1423 479 1594 532 justam

123 554 209 582 esse
243 550 414 596 necant,
448 545 620 596 quando
653 544 849 586 accidere
873 552 1028 599 potest,
1065 552 1112 585 ut
1147 545 1314 598 injusta
1333 546 1481 599 faerit
1512 546 1594 587 bel-

100 606 250 649 landi
286 623 435 650 cauca.

122 673 337 715 oratione:
384 669 451 721 οὓς·
492 673 534 718 ἐν
574 672 731 736 χερσῖν
772 671 1078 724 ἀπεκτείνατε,
1116 673 1199 736 οὐχ
1239 674 1392 725 ὁμοίως
1421 674 1594 735 α’λὙοῦ-

121 752 212 791 μεν·
248 737 364 784 ficara*
408 738 537 788 νόμον
571 739 664 801 ’γὰρ
700 735 752 792 δή
788 759 885 782 τινα
921 737 1146 801 ἐ’πασχον·
1192 744 1244 783 cle
1282 744 1363 791 his,
1402 758 1505 797 quos·
1546 746 1594 785 in

121 807 322 860 conflictu
357 808 590 857 occidistis,
624 822 709 849 uon
743 808 850 849 adeo
882 808 1135 861 querimur:
1167 809 1332 849 accidit
1373 810 1485 850 enim
1516 811 1594 851 lzoc

119 872 214 913 illis
227 874 330 924 jure
354 875 677 928 quodammodo.

223 939 249 979 2
299 938 366 980 Sic
397 945 440 981 et
473 939 551 996 ipsi
578 938 860 995 jurisconsulti
884 937 1076 989 Romani,
1102 939 1214 995 quod
1238 954 1348 996 saepe
1366 939 1436 997 jus
1460 941 1593 998 capti-

508 609 650 651 Simile
685 614 747 650 est
781 608 883 650 illud
925 609 1183 666 Thucydidis
1218 611 1261 652 in
1299 611 1592 653 Thebanorum
1610 620 1775 646 Lib-iii-GG-

118 1002 259 1045 vitatis
288 1010 452 1055 vocant,
487 1005 584 1047 ahb1
614 1005 807 1061 1nJuriam
838 1004 1063 1061 appellant,
1098 1011 1139 1048 et
1167 1006 1353 1062 aequitati
1378 1013 1592 1063 opponunt
1609 1020 1641 1043 L·
1657 1018 1750 1048 19-vr.
1766 1019 1799 1042 D-

1608 1050 1641 1074 de
1652 1051 1723 1079 capt.

117 1069 324 1118 naturali;
358 1076 401 1112 et
438 1072 595 1113 Seneca
627 1071 736 1115 servi
768 1086 916 1113 nomen
947 1085 999 1113 ex
1028 1071 1179 1127 injuria
1208 1078 1365 1123 natum,
1401 1073 1445 1116 id
1480 1075 1590 1130 quod
1610 1090 1755 1120 mxxxi.

118 1148 229 1191 saepe
251 1135 400 1178 accidit
426 1137 661 1193 respiciens.

117 1205 182 1243 tes
209 1215 273 1250 ea,
307 1216 400 1258 quae
431 1202 706 1260 Syracusanis
738 1204 844 1245 bello
876 1203 1134 1254 ademerant,
1168 1204 1400 1260 pertinaces
1435 1206 1490 1248 ad
1521 1207 1591 1248 ob-

726 1137 852 1193 Apud
888 1136 1049 1179 Livium
1081 1152 1245 1194 quoque
1279 1139 1378 1181 Itali
1409 1140 1591 1182 retinen-
1607 1152 1796 1178 Lib-xxix.1.

117 1266 328 1309 tinendam
350 1267 541 1324 injuriam
566 1270 840 1326 appellantur.
877 1269 988 1310 Dion
1013 1270 1266 1312 Prusaeensis
1289 1286 1381 1313 cum
1406 1272 1589 1322 dixisset,
1611 1283 1750 1339 0r34tbxv-

117 1333 225 1375 bello
249 1339 403 1390 captos,
429 1335 463 1377 si
491 1336 545 1377 ad
576 1350 670 1377 suos
697 1335 928 1385 rediissent,
957 1335 1194 1378 libertatem
1225 1337 1424 1394 recipere,
1458 1339 1589 1389 addit,
1629 1333 1635 1339 ”

117 1396 169 1446 ὠς
204 1396 349 1445 ἀδίκως
389 1396 686 1452 δουλεύοντας,
723 1411 771 1444 ut
815 1405 890 1460 qui
926 1417 1009 1458 per
1047 1403 1261 1457 injuriam
1299 1406 1347 1446 in
1387 1407 1591 1448 servitute

103 1467 308 1521 ficissent.

219 1533 484 1577 cLactantius
520 1535 572 1577 de
609 1534 863 1591 philosophis
898 1533 1098 1590 loquens:
1133 1551 1230 1577 cum
1264 1539 1316 1579 cle
1347 1540 1497 1593 officiis
1532 1541 1592 1580 acl
1608 1544 1809 1599 (ξῄὸῑ-Βῑυ-νί·

115 1613 206 1641 rem
230 1601 467 1644 militarem
492 1603 813 1658 pertinentibus
839 1603 1081 1657 disputant,
1107 1618 1234 1658 neque
1266 1605 1327 1645 ad
1349 1605 1590 1658 justitiam,

116 1680 245 1722 neque
269 1669 331 1709 ad
365 1683 513 1710 veram
546 1670 749 1710 virtatem
783 1669 1136 1710 accommodatur
1159 1670 1243 1711 illa
1272 1672 1410 1712 omnis
1433 1673 1589 1721 oratio,

114 1734 191 1774 Sed
214 1735 275 1774 ad
297 1734 411 1776 hanc
437 1737 575 1777 vitam
605 1749 844 1790 moremque
873 1735 1054 1776 civilem.
1121 1734 1239 1776 Idem
1270 1751 1365 1778 mox
1388 1751 1414 1778 a
1438 1738 1591 1779 Roma-

114 1797 179 1840 nis
201 1798 262 1841 ait
284 1799 469 1857 legitime
491 1800 627 1843 illatas
651 1800 835 1856 injurias,

887 1916 917 1945 si
952 1918 1076 1946 terrena
1109 1918 1172 1947 ista
1198 1918 1376 1956 respublica
1405 1919 1593 1950 Christiana

883 1969 1041 2003 proecepta
1056 1967 1223 2003 custodiat,
1238 1969 1333 1997 eliam
1345 1969 1416 2007 ipsa
1430 1969 1512 1998 bella
1525 1970 1592 1999 sine

887 2015 1096 2046 benevolentia
1132 2028 1192 2047 non
1220 2023 1376 2057 yerentur.
1433 2021 1523 2049 Idem
1551 2022 1590 2050 de

174 1914 190 1936 b
209 1915 298 1944 Nam
320 1919 349 1945 et
373 1917 422 1945 lez·
440 1916 562 1952 jasium
583 1916 662 1955 quid
681 1915 739 1954 est]
763 1917 820 1946 Se-

113 1972 194 1993 neca
218 1965 263 1993 ad
285 1965 434 1994 Helviam
457 1975 482 1995 c.
508 1966 536 1995 6.
558 1966 618 1995 alii
639 1967 738 1995 armis
757 1966 819 1995 sibi

105 2013 164 2050 jus
185 2015 218 2043 in
242 2015 349 2044 aliena
371 2018 459 2044 terra
470 2016 626 2053 ficerunt.
667 2016 817 2054 Pugnare

114 2063 262 2092 videntur
265 2063 323 2100 ,jas
337 2066 370 2092 et
383 2063 499 2093 aliena.
535 2065 597 2093 Sed
611 2065 817 2101 concilianda,

113 2114 151 2140 ut
166 2111 259 2140 docet
273 2111 323 2140 hic
335 2114 452 2140 textus.
494 2111 619 2149 Repete
634 2121 705 2150 quae
720 2121 817 2150 supra

112 2161 174 2190 hoc
188 2161 269 2190 libro
284 2171 352 2199 cap.
367 2162 406 2191 iv,
423 2161 440 2200 ξ
457 2163 488 2190 2.

171 2217 185 2232 θ
205 2211 408 2249 Lactantius]
431 2212 633 2250 Augustinus
654 2222 728 2242 vero
749 2213 817 2251 epi-

111 2260 197 2289 stola
210 2269 240 2289 v.
263 2269 334 2298 quae
349 2263 397 2289 est
414 2261 454 2289 ad
471 2261 692 2290 Marcellinum
707 2272 714 2291 z
737 2261 815 2300 (Ep.

112 2309 182 2338 138.
199 2307 214 2346 ᾗ
231 2309 279 2336 14.
296 2308 388 2338 Edit.
402 2308 615 2347 Benedictz'n.)
631 2319 669 2339 ac
679 2319 740 2347 per
759 2311 817 2341 lzoc

886 2066 1016 2095 diversis
1032 2068 1171 2097 ecelesiae
1189 2069 1461 2100 observationibus
1475 2083 1483 2101 ε
1504 2073 1593 2110 apud

885 2126 975 2146 veros
993 2117 1059 2146 Dei
1080 2118 1213 2149 cultores
1233 2121 1327 2149 etiam
1348 2122 1420 2159 ipsa
1437 2123 1519 2152 bella
1529 2133 1590 2161 pa-

886 2169 959 2195 cata
973 2171 1053 2196 sunt.
1082 2167 1253 2207 [Ultimum
1269 2171 1374 2200 locum
1389 2172 1485 2202 habet
1502 2173 1589 2202 Auc-

885 2218 963 2245 tora
974 2217 1139 2254 Gratiano,
1151 2221 1245 2250 Ceus.
1258 2221 1343 2251 xxiii.
1357 2221 1478 2256 Quaest.
1493 2223 1512 2253 i.
1523 2233 1548 2252 c.
1559 2224 1587 2254 6.

885 2273 988 2303 neque
1004 2267 1087 2296 enim
1102 2267 1177 2296 alibi
1191 2270 1359 2308 reperitur,
1377 2272 1463 2309 quod
1481 2273 1586 2303 sciam.

884 2314 921 2344 J.
936 2315 996 2354 B.]

187 2472 237 2507 II.
292 2477 310 2507 1
344 2473 424 2508 The
445 2486 546 2510 same
564 2475 781 2512 distinction
802 2479 831 2514 is
852 2481 962 2517 made
979 2482 1029 2529 by
1047 2484 1248 2519 Marcellus
1266 2484 1445 2530 speaking
1462 2489 1501 2520 to
1519 2486 1584 2522 the

115 2529 277 2564 Senate:
304 2530 355 2576 by
371 2530 563 2573 Aristotle,
583 2533 691 2568 when
712 2534 760 2570 he
780 2547 862 2582 says
883 2538 967 2574 that
988 2540 1145 2588 slavery,
1171 2541 1314 2587 though
1341 2542 1478 2585 lawful,
1498 2555 1585 2591 may

112 2585 161 2621 be
181 2586 328 2631 unjust:
356 2587 406 2632 by
426 2588 492 2622 the
509 2589 684 2625 Thebans
700 2591 739 2626 in
758 2593 1006 2640 Thucydides.

186 2647 207 2677 2
240 2643 290 2677 So
311 2643 376 2678 the
397 2645 545 2679 Roman
569 2647 709 2691 jurists,
730 2649 874 2697 though
895 2652 986 2699 they
1013 2655 1127 2700 speak
1153 2655 1197 2689 of
1212 2654 1277 2690 the
1297 2657 1398 2702 right
1425 2657 1468 2691 of
1495 2669 1581 2705 cap-

111 2700 231 2746 tivsty,
254 2701 332 2736 also
354 2701 425 2736 call
443 2701 516 2737 this
537 2703 637 2749 right
665 2716 687 2739 a
707 2717 844 2752 wrong,
862 2709 1012 2756 injuria.
1055 2712 1104 2746 So
1125 2712 1277 2747 Seneca.
1315 2704 1364 2749 So
1386 2713 1479 2760 Livy
1499 2726 1582 2762 says

111 2757 177 2792 the
198 2757 350 2793 Italians
364 2770 460 2794 were
481 2759 667 2796 obstinate
687 2763 726 2796 in
746 2764 879 2810 injury‚
899 2766 1056 2802 because
1077 2768 1168 2814 they
1187 2770 1355 2805 retained
1373 2771 1471 2806 what
1492 2772 1583 2819 they

110 2813 186 2848 had
213 2815 251 2849 in
271 2827 346 2850 war
366 2816 480 2851 taken
500 2817 598 2852 from
620 2819 684 2854 the
707 2820 945 2865 Syracusans.
981 2825 1030 2858 So
1051 2825 1124 2860 Dio
1146 2827 1372 2863 Prusaeensis
1389 2830 1520 2874 speaks
1542 2831 1585 2865 of

110 2872 274 2917 captives
296 2873 410 2908 taken
426 2874 465 2908 in
481 2886 566 2916 war,
593 2887 632 2910 as
654 2878 820 2924 unjustly
840 2880 1026 2916 enslaved.
1073 2883 1122 2917 So
1145 2883 1363 2920 Lactantius
1389 2897 1472 2932 says
1497 2887 1580 2922 that

108 2928 380 2975 philosophers‚
402 2931 606 2979 discussing
632 2933 696 2969 the
717 2935 834 2981 rights
856 2937 899 2971 of
927 2949 1012 2980 war,
1034 2938 1081 2974 do
1100 2944 1167 2975 not
1194 2942 1326 2987 regard
1344 2944 1480 2989 justice
1504 2945 1579 2979 and
