1971 3326
725 354 914 396 CAPUT
948 354 1026 394 111.

170 471 238 505 DE
269 470 434 505 BELLO
464 469 623 505 JUSTO
657 470 770 504 SIVE
803 469 1027 504 SOLENNI
1057 468 1187 503 JURE
1220 466 1469 508 GENTIUM,
1495 467 1584 501 UBI

661 527 728 561 DE
761 527 1076 561 INDICTIONE.

207 625 238 659 I.
311 624 453 658 Bellum
473 625 609 658 solenne
631 623 728 668 juris
753 634 836 667 yen-
936 622 1042 657 VIII.
1084 622 1173 665 Quae
1206 624 1244 656 in
1279 623 1602 657 denuntiationibus

315 682 404 715 tium
422 693 487 716 esse
504 681 596 714 inter
609 680 759 714 diversos
770 691 836 724 po·
1077 681 1147 713 sint
1165 680 1262 726 juris
1283 680 1404 721 civilis,
1428 692 1499 714 non
1518 692 1601 726 [scn-

305 739 422 784 pulos.
1079 737 1181 770 tium.

198 796 248 831 ΙΙ.
309 794 502 829 Dis-tinctio
526 794 654 839 populi
674 794 835 838 quamvis
953 793 1022 826 IX.
1076 793 1219 827 Bellum
1237 794 1347 827 alicui
1363 794 1537 828 indictum
1553 796 1601 828 si-

310 852 436 898 injuste
456 852 589 896 ayentis
607 863 630 884 a
650 850 785 896 piratis
804 856 834 885 ct
1077 851 1154 884 mut
1169 851 1342 885 indictum
1356 863 1420 885 esse
1434 852 1505 896 ejus
1521 854 1600 885 sul>-

310 909 517 943 latronz‘bus.
1077 908 1161 942 ditis
1193 914 1223 942 et
1255 909 1354 942 sociis
1385 920 1457 953 qua
1483 909 1600 954 ipsum

185 966 254 1001 III.
306 966 545 1001 Illutationem
573 966 751 1000 interdum
779 965 832 999 in-
1076 971 1293 1010 sequuntur.-

311 1024 433 1059 cidere.
960 1022 1009 1056 X.
1075 1023 1159 1057 Non
1169 1035 1241 1068 qua
1250 1035 1317 1068 per
1329 1034 1361 1056 se
1373 1023 1596 1057 consideran-

189 1081 254 1115 IV.
310 1081 462 1126 Requiri
488 1081 538 1114 ad
559 1086 733 1115 naturam
755 1081 833 1115 belli
1077 1086 1158 1114 tur.-
1185 1081 1280 1126 quod
1307 1081 1472 1125 exemplis
1498 1081 1598 1115 illus-

308 1139 469 1179 solennis,
497 1144 537 1172 ut
563 1144 742 1172 auctorem
769 1139 832 1171 lca-
1076 1143 1209 1172 tratur.

311 1197 387 1230 beat
423 1207 513 1235 eum,
551 1196 611 1240 qul
654 1207 832 1229 summam
951 1194 1020 1228 XI.
1076 1194 1194 1229 Causa
1219 1207 1284 1229 cur
1308 1195 1528 1229 denuntiatio
1549 1196 1599 1229 ad

304 1258 511 1298 potestatem
554 1253 700 1287 habeat:
740 1254 834 1297 quod
1075 1253 1210 1297 effectus
1231 1253 1402 1298 quosdam
1431 1253 1595 1297 requio-a-

308 1311 479 1355 quomodo
500 1309 776 1355 intelli-(sendum.
1075 1315 1144 1343 tur.

193 1367 238 1400 V.
308 1367 461 1413 Requiri
473 1373 503 1402 et
517 1367 828 1402 denuntiationem.
941 1366 1030 1400 XII.
1075 1367 1153 1401 Hos
1179 1367 1313 1411 effectus
1342 1379 1414 1401 non
1446 1368 1596 1413 reperiri

184 1424 250 1459 VI.
311 1425 408 1468 Quid
431 1425 470 1459 in
496 1424 759 1459 denuntiatione
787 1426 831 1459 sit
1072 1424 1112 1458 in
1129 1424 1211 1458 aliis
1232 1424 1336 1458 bellis.

300 1482 399 1528 juris
434 1488 590 1523 naturce,
627 1482 714 1527 quid
743 1494 830 1527 pro-
930 1481 1038 1515 XIII.
1071 1482 1214 1515 Bellum
1237 1493 1286 1514 an
1306 1481 1516 1526 simulatque
1538 1482 1595 1516 in—

302 1539 430 1584 prium
447 1539 545 1586 juris
566 1540 734 1585 yent't'ztm,
761 1540 829 1574 dis-
1073 1539 1207 1572 dictum
1224 1544 1281 1580 est,
1300 1539 1376 1583 yerz’
1386 1539 1508 1583 possit.

309 1597 411 1631 tincte
427 1597 636 1642 explicatur.
933 1595 1036 1630 XIV.
1073 1595 1135 1629 An
1154 1595 1379 1630 indicendum
1399 1596 1429 1629 ei
1456 1596 1516 1640 qui
1529 1596 1592 1641 jus

175 1653 262 1688 VII.
306 1653 543 1688 Denuntiatio
566 1654 642 1688 alia
659 1653 829 1688 conditio-
1073 1653 1254 1698 legyationis
1274 1652 1428 1687 violavit.

307 1717 409 1753 nata,
425 1711 501 1746 alia
511 1723 624 1757 pura.

134 1810 168 1851 I.
223 1810 246 1850 1
281 1811 298 1830 ³²
376 1809 535 1851 UPRA
559 1808 696 1850 dicere
719 1807 942 1864 incepimus
960 1808 1116 1864 justum
1141 1808 1291 1850 bellum
1310 1808 1420 1864 apud
1443 1807 1595 1864 probos

396 1880 583 1916 auctores
605 1873 684 1916 dici
706 1889 826 1930 saepe,
852 1889 934 1916 non
957 1890 1009 1916 ex
1032 1889 1153 1916 causa
1172 1875 1280 1916 unde
1299 1874 1442 1923 oritur,
1461 1888 1595 1929 neque

134 1946 180 1983 ut
210 1940 311 1981 alias
346 1954 397 1981 ex
431 1955 571 1982 rerum
605 1945 817 1997 gestarum
851 1941 1145 1997 magnitudine,
1178 1940 1251 1982 sed
1283 1940 1334 1981 ob
1369 1940 1595 1996 peculiares

134 2006 330 2062 quosdam
357 2005 463 2061 juris
494 2006 672 2048 effectus.
739 2006 871 2056 Quale
899 2013 1037 2048 autem
1065 2007 1118 2049 sit
1148 2006 1225 2048 hoc
1259 2006 1410 2048 bellum
1440 2006 1594 2062 optime

133 2071 378 2128 intelligitur
410 2086 461 2113 ex
495 2071 672 2114 hostium
714 2071 949 2114 definitione
988 2073 1098 2128 apud
1135 2073 1344 2114 Romanos
1382 2072 1591 2114 Juriscon-

132 2138 286 2179 sultos:
320 2139 455 2180 hostes
477 2147 576 2180 sunt
599 2140 675 2194 qui
697 2140 829 2188 nobis,
856 2147 934 2181 aut
958 2141 1120 2195 quibus
1142 2154 1217 2181 nos
1242 2139 1415 2194 publice
1441 2139 1593 2180 bellum

132 2205 425 2247 decernimus.-
470 2206 597 2247 ceteri
639 2205 824 2247 latrones
862 2214 939 2247 aut
966 2207 1192 2260 prcedones
1226 2213 1337 2254 sunt,
1378 2204 1436 2246 ait
1473 2204 1591 2245 Pom-

607 2316 620 2331 ³
642 2309 762 2349 Supra]
784 2310 853 2340 Lib.
872 2319 894 2340 1.
909 2320 977 2349 cap.
994 2310 1036 2339 iii.
1056 2310 1117 2349 ξεί.

167 2474 347 2509 CHAPTER
372 2474 441 2508 ΙΙΙ.
507 2474 567 2518 Os
583 2485 606 2507 a
625 2474 707 2507 Just
727 2485 769 2507 or
790 2474 939 2508 Formal
965 2474 1058 2508 War
1078 2475 1120 2519 by
1142 2475 1194 2508 the
1214 2473 1307 2507 Law
1327 2473 1374 2516 of
1386 2470 1563 2507 Nati0ns;

502 2531 578 2563 and
596 2531 711 2564 herein
731 2532 779 2575 of
790 2531 1025 2565 Declaratlon
1045 2532 1093 2576 of
1110 2531 1214 2565 War.

202 2610 230 2643 I.
285 2614 302 2643 1
335 2610 404 2643 We
433 2609 527 2644 have
552 2609 668 2644 above
692 2610 816 2657 beguu
842 2615 880 2646 to
910 2623 975 2658 say
1003 2612 1085 2646 that
1110 2623 1132 2646 a
1154 2612 1230 2657 just
1256 2621 1329 2644 war
1361 2609 1390 2643 is
1420 2606 1524 2642 often
1550 2618 1590 2642 so

130 2666 248 2701 called
269 2667 307 2700 in
335 2666 564 2712 respectable
585 2667 749 2709 authors,
780 2673 847 2703 not
867 2668 966 2703 from
993 2668 1057 2703 the
1082 2679 1191 2702 cause
1219 2668 1258 2700 in
1283 2665 1402 2700 which
1430 2665 1460 2698 it
1481 2664 1590 2709 origi-

129 2728 246 2765 nates,
266 2734 336 2758 nor
355 2723 452 2757 from
469 2723 533 2757 the
550 2724 647 2758 scale
669 2724 712 2757 of
724 2724 788 2758 the
805 2729 1045 2765 movements,
1066 2725 1134 2758 but
1154 2735 1202 2758 on
1219 2726 1376 2757 account
1394 2722 1436 2756 of
1449 2721 1590 2755 certain

129 2781 293 2826 peculiar
316 2780 416 2825 jural
444 2780 580 2815 effects.
628 2780 740 2814 What
760 2781 849 2815 kind
878 2782 921 2815 of
946 2792 1021 2815 war
1046 2781 1119 2815 this
1140 2781 1180 2820 is,
1206 2781 1235 2814 is
1253 2780 1336 2814 best
1362 2778 1590 2813 understood

127 2839 225 2871 from
246 2837 310 2871 the
330 2837 523 2871 definition
549 2837 591 2871 of
607 2848 653 2870 an
671 2848 803 2883 enemy
829 2838 868 2871 in
888 2838 952 2872 the
978 2838 1125 2872 Roman
1145 2838 1285 2872 Jurist:
1316 2838 1421 2871 leose
1441 2846 1503 2869 are
1522 2847 1590 2869 our

128 2895 270 2929 enennz’es
291 2895 365 2928 wlzo
386 2894 545 2940 publz'cly
566 2894 701 2928 declare
725 2906 805 2928 war
830 2895 971 2940 aqainst
991 2907 1032 2929 us
1049 2907 1090 2928 or
1110 2906 1158 2929 uve
1175 2895 1315 2940 ayainst
1334 2896 1446 2929 them:
1478 2892 1590 2928 others

129 2962 191 2986 are
207 2953 345 2986 robbers
360 2963 401 2985 or
413 2951 559 2997 pirates,
580 2962 661 2998 says
679 2952 916 2997 Pomponius.
965 2951 1049 2986 And
1069 2963 1109 2986 so
1130 2952 1280 2997 Ulpian‚
1302 2952 1460 2997 adding:
1484 2949 1588 2985 there.

1611 2222 1639 2244 L.
1656 2221 1706 2244 113,
1720 2222 1752 2245 rlc

1615 2252 1687 2276 Vero.
1700 2252 1769 2282 siyn.
