1971 3326
911 351 1101 394 CAPUT
1137 351 1215 393 XI.

327 463 800 502 TEMPERAMENTUM
832 462 984 498 CIRCA
1013 463 1105 498 JUS
1136 462 1531 498 INTERFICIENDI
1554 463 1611 499 IN
1636 459 1801 499 BELLO

981 520 1153 556 JUSTO.

397 626 428 660 Ι.
500 624 549 659 In
576 623 661 659 bello
683 624 782 671 justo
804 628 904 658 actzts
928 633 1031 669 quos·
1262 621 1426 668 feminis,
1448 621 1518 656 nisi
1545 622 1634 668 quid
1655 622 1803 667 yravius

499 682 586 716 dam
603 682 745 716 interna
754 681 899 727 justitia
919 691 1039 715 carere
1272 679 1500 714 admiserint.-
1525 686 1556 714 et
1571 679 1719 714 senibus.

501 740 597 785 quod
611 739 802 784 exponitur
815 750 826 771 .·
1158 737 1207 771 X.
1269 737 1503 772 Parcendum
1519 743 1550 771 et
1573 737 1637 778 his,
1659 736 1722 781 qui
1745 748 1803 771 sa-

385 796 436 832 II.
500 796 661 843 Inteifici
680 796 742 841 qui
757 795 895 841 possint
916 806 1036 829 secun-
1272 805 1337 828 cra
1354 800 1418 828 aut
1440 794 1561 829 literas
1581 799 1721 828 tantum
1742 805 1802 828 cu-

502 854 590 888 dum
599 853 782 899 justitiam
798 853 992 887 internam.
1271 857 1381 885 rant:

375 911 447 946 III.
507 910 560 946 Ob
590 909 833 957 infortunium
862 909 1037 943 neminem
1143 908 1214 943 XI.
1266 908 1318 942 Et
1335 908 1523 953 assrieolis:

503 973 591 1002 recte
607 967 767 1014 interfici,
784 972 824 1001 ut
849 966 910 1012 qui
925 965 1037 1000 coacti
1136 965 1227 1000 XII.
1270 965 1324 999 E't
1343 965 1597 1000 mercatoribus
1614 975 1657 1000 ac
1677 965 1803 1000 simili-

500 1030 623 1071 partes
642 1029 838 1069 sequuntur
852 1035 863 1056 :
1273 1022 1336 1056 bus
1350 1034 1362 1055 .-

378 1083 445 1118 IV.
500 1082 573 1117 Nec
590 1082 631 1116 ob
648 1081 793 1126 culpam
809 1079 963 1114 mediam
981 1079 1037 1113 in·
1127 1079 1239 1115 XIII.
1273 1079 1325 1113 Et
1342 1079 1467 1125 captis.

505 1145 557 1174 ter
576 1138 823 1183 infortunium
843 1142 873 1171 et
890 1136 1012 1170 dolum
1024 1148 1035 1169 .-
1127 1137 1232 1171 XIV.
1270 1137 1513 1182 Recipiendos,
1539 1137 1602 1182 qui
1628 1136 1751 1172 dedere
1770 1148 1804 1172 se

501 1196 601 1242 cujus
618 1201 756 1229 natura
775 1194 986 1239 eceplicatur.
1271 1193 1394 1228 volunt
1433 1195 1496 1229 sub
1535 1194 1646 1240 eequis
1683 1195 1803 1230 eondi-

389 1254 436 1288 V.
501 1253 782 1298 Distinssuendos
791 1257 951 1286 auctores
959 1250 1038 1285 belli
1272 1251 1434 1285 tionibus.

505 1312 550 1344 ab
566 1310 618 1344 his
634 1309 696 1355 qni
711 1314 917 1355 sequuntur.
1142 1307 1228 1341 XV.
1271 1308 1502 1342 Parcendum
1523 1314 1553 1343 et
1578 1309 1631 1343 his
1654 1308 1716 1354 qui
1732 1308 1804 1343 sine

379 1368 447 1403 VI.
509 1368 557 1402 In
583 1367 668 1412 ipsis
688 1367 891 1401 auctoribus
912 1365 1039 1399 distin·
1272 1365 1467 1400 conditione
1482 1377 1515 1400 se
1535 1366 1756 1400 dediderunt.

502 1425 661 1470 {luendas
688 1435 815 1459 causas
843 1423 1040 1469 probabiles
1130 1421 1237 1456 XVI.
1272 1422 1364 1457 Hoec
1394 1423 1447 1457 ita
1472 1434 1568 1464 vera,
1596 1423 1667 1457 nisi
1695 1432 1806 1468 yrave

503 1483 547 1516 ab
568 1481 870 1527 improbabilibus.
1271 1480 1436 1514 delictum
1453 1480 1692 1514 antecesserit:
1710 1479 1806 1525 quod

372 1539 459 1574 VII.
503 1539 632 1573 Etiam
648 1545 796 1574 mortem
809 1536 944 1572 meritis
961 1537 1039 1570 lios-
1272 1538 1443 1582 quomodo
1464 1537 1723 1582 accipiendum.

374 1590 382 1598 ⁸
506 1597 596 1631 tibus
609 1607 699 1642 scepe
706 1607 852 1642 poenam
863 1599 950 1629 recte
957 1604 1040 1628 con·
1118 1592 1244 1626 XVII.
1271 1594 1565 1638 Delinquentibus
1581 1595 1622 1627 ob
1643 1593 1805 1628 multitu-

505 1653 650 1688 donari.
1273 1651 1390 1684 dinem
1410 1656 1498 1685 recte
1515 1650 1634 1695 parci.

360 1710 467 1745 VIII.
511 1710 728 1748 Cavendum,
755 1713 931 1755 quantum
953 1707 1040 1754 fieri
1109 1705 1255 1741 XVIII.
1275 1707 1359 1741 Non
1370 1707 1571 1742 occidendos
1581 1707 1721 1749 obsides,
1732 1707 1804 1742 ‘nisi

498 1773 622 1814 potest,
644 1779 686 1802 ne
706 1767 912 1807 innocentes,
932 1765 1039 1799 etiam
1273 1764 1342 1809 ipsi
1362 1764 1581 1810 deliquerint.

498 1831 636 1870 prceter
672 1824 909 1870 propositum,
949 1822 1038 1857 occi·
1130 1820 1240 1855 XIX.
1276 1820 1535 1855 Abstinendum
1554 1822 1599 1855 ab
1625 1821 1722 1856 omni
1749 1820 1803 1856 di-

505 1882 653 1915 dantur.

502 1938 634 1972 Pueris
647 1948 780 1982 semper
791 1936 1015 1982 parcendum
1027 1947 1038 1969 .·

1274 1878 1461 1913 micatione
1478 1878 1609 1913 inutili.

379 1936 450 1971 IX.

330 2034 351 2075 I
436 2035 460 2075 1
516 2033 662 2136 SED
688 2048 762 2075 nec
792 2032 834 2074 in
862 2032 968 2075 bello
992 2031 1104 2089 justo
1134 2031 1434 2076 admittendum
1465 2039 1540 2085 est,
1572 2033 1682 2090 quod
1707 2033 1805 2077 dici-

603 2106 684 2150 tur,

110 2172 213 2196 Lucan.
230 2172 316 2196 Phar.

113 2203 129 2226 i.
143 2204 199 2226 349.

115 2245 186 2275 offic.
201 2243 218 2267 i.
231 2243 270 2266 11.

764 2167 901 2203 Omnia
923 2167 998 2209 dat,
1019 2167 1081 2213 qui
1099 2167 1201 2213 justa
1221 2171 1346 2213 negat.

332 2233 481 2276 Melius
506 2232 677 2276 Cicero:
710 2235 825 2276 Sunt
850 2235 1047 2287 quoeclam
1079 2235 1217 2289 officia
1245 2235 1377 2276 etiam
1401 2235 1607 2276 adversus
1629 2247 1697 2276 eos
1719 2249 1804 2276 ser-

390 2353 403 2371 ³
433 2350 494 2379 Est
520 2350 599 2379 enim
627 2349 798 2378 ulciscendi
829 2352 857 2378 et
880 2349 1035 2387 puniendi

330 2401 452 2438 modus]
481 2400 564 2430 Vide
579 2409 650 2438 quae
665 2409 761 2437 supra
775 2400 819 2428 lib
835 2408 874 2428 11.
891 2408 959 2436 cap.
981 2409 1034 2429 xx.

331 2450 349 2489 ἓ
366 2452 394 2480 2.
410 2453 443 2480 et
457 2451 505 2479 28.
520 2452 553 2479 et
573 2449 644 2478 loca
664 2448 841 2487 Augustini
862 2448 901 2477 de
924 2448 1033 2477 Chris-

330 2500 489 2529 tianorum
517 2499 548 2528 in
577 2498 654 2537 ipsis
685 2498 775 2527 bellis
803 2497 1034 2533 benevolentia,

331 2558 403 2588 quae
437 2549 532 2578 modo
564 2549 782 2587 produximus.
842 2547 1034 2576 Aristoteles

331 2599 540 2628 Politicorunz
555 2606 591 2627 v.
606 2607 676 2636 cap.
690 2597 720 2628 6.
741 2599 850 2626 narrat
859 2596 1034 2634 asperiores

330 2657 423 2686 aequo
447 2657 558 2686 poenas
582 2649 708 2677 exactas
733 2646 851 2676 Thebis
875 2648 908 2675 et
932 2645 1034 2674 Hera-

1103 2350 1191 2384 cleae,
1229 2351 1471 2385 στασιωτικῶς,
1503 2349 1651 2378 factionis
1685 2350 1802 2380 studio.

1103 2400 1147 2428 Et
1175 2399 1374 2437 Thucydides
1390 2408 1442 2429 111.
1477 2400 1641 2437 Τιμωρὶας
1663 2400 1802 2437 μείζους,

1103 2449 1139 2477 οὐ
1154 2447 1254 2487 μέχρι
1269 2449 1329 2477 τοῦ
1351 2448 1494 2478 δικαίου·
1512 2448 1719 2487 poenasjztsto
1735 2459 1803 2478 ma-

1093 2498 1193 2534 joras.
1210 2498 1308 2537 (Cap.
1320 2498 1389 2537 82.)
1406 2499 1536 2527 Tacitus
1546 2507 1599 2527 111.
1610 2499 1802 2528 Annalium:

1103 2547 1273 2585 Pompeius
1297 2547 1430 2586 yram-ior
1454 2548 1610 2582 remediis,
1634 2557 1728 2586 quam
1750 2548 1803 2577 (le-

1103 2597 1180 2626 licta
1206 2601 1305 2626 eraut.
1335 2597 1434 2635 (Cap.
1463 2597 1532 2635 28.)
1567 2598 1656 2627 Idem
1692 2599 1803 2628 eodem

1102 2645 1183 2675 libro
1194 2646 1293 2684 (Cap.
1305 2646 1375 2684 24.)
1396 2646 1581 2684 Augustum
1591 2646 1708 2685 culpat,
1718 2647 1803 2685 quod

439 2808 620 2842 CHAPTER
640 2808 711 2843 XI.
773 2807 977 2843 Restraints
997 2818 1037 2842 as
1058 2813 1091 2842 to
1112 2808 1165 2842 the
1185 2808 1297 2853 122·th
1317 2809 1365 2853 of
1378 2807 1506 2853 killinq
1524 2807 1563 2842 in
1589 2807 1693 2841 War.

405 2884 435 2918 Ι.
489 2889 506 2918 1
549 2883 632 2929 [We
658 2885 752 2920 have
772 2885 869 2920 been
890 2885 1069 2931 speaking
1090 2885 1132 2919 of
1150 2885 1214 2919 the
1236 2886 1428 2919 restraints
1453 2883 1572 2919 which
1596 2883 1661 2918 the
1687 2883 1802 2927 injus-

332 2940 405 2974 tice
433 2939 476 2973 of
500 2951 522 2974 a
542 2952 617 2974 war
644 2939 843 2986 imposes3]
876 2942 945 2976 but
973 2952 1065 2977 even
1087 2942 1125 2975 in
1153 2953 1175 2976 a
1196 2942 1275 2987 just
1296 2953 1380 2982 war,
1401 2952 1455 2976 we
1483 2951 1548 2974 are
1573 2943 1640 2998 npt
1668 2942 1708 2973 to
1737 2949 1802 2985 say
