1971 3326
120 322 153 346 L.
167 320 205 344 24.
220 321 254 345 D.
266 320 299 344 de

117 352 218 383 captiv.

337 183 390 223 54
533 189 602 223 DE
633 189 797 224 BELLO
827 188 987 224 JUSTO
1020 189 1135 223 SIVE
1169 189 1393 224 SOLENNI
1421 189 1550 224 JURE
1612 187 1798 232 [L113.111.

336 301 506 360 ponius:
534 316 608 343 nec
631 300 751 342 aliter·
766 299 995 355 Ulpianus:
1021 299 1157 340 hostes
1172 306 1271 339 sunt
1290 300 1443 353 quibus
1461 298 1612 340 bellum
1628 300 1802 354 publice

331 369 520 426 populus
552 370 775 410 Romanus
816 366 1013 414 decrevit,
1049 365 1116 406 vel
1153 365 1242 418 ipsi
1274 365 1437 418 populo
1475 366 1702 414 Roman03
1740 380 1801 407 ce-

343 437 425 477 teri
457 435 695 476 latrunculi
724 434 790 474 vel
810 432 1038 487 praedones
1069 430 1359 484 appellantur.
1428 430 1493 471 Et
1524 431 1617 471 ideo
1644 426 1747 486 bqui
1771 446 1801 472 a

344 502 584 543 latronibus
616 507 769 554 captus
806 505 881 548 est,
921 511 1067 538 servus
1106 496 1322 537 latronum
1360 510 1444 537 non
1474 503 1547 544 est,
1580 496 1654 538 nec
1682 505 1800 552 post-

344 568 560 608 liminium
587 566 658 606 illi
686 564 972 606 necessarium
1007 570 1078 605 est.
1149 562 1216 603 Ab
1249 562 1440 603 hostibus
1465 569 1608 603 autem
1634 571 1799 618 captus,

336 641 453 688 puta
498 646 528 672 a
575 631 807 673 Germanis
851 638 889 671 et
930 629 1132 677 Parthis,
1175 635 1213 670 et
1250 642 1396 670 servus
1430 636 1490 670 est
1525 629 1724 677 hostium,
1762 636 1801 671 et

121 715 151 739 L.
167 715 203 739 19.
220 714 313 744 §an
335 698 607 755 postliminio
631 705 797 739 statum
814 697 1055 751 pristinum
1074 702 1309 750 recuperat.
1374 693 1433 736 Et
1456 694 1632 737 Paulus:
1657 695 1712 736 cA
1728 697 1802 750 pi-

124 746 157 770 de
167 746 266 776 captiv.

123 842 155 865 L.
169 842 205 865 21.
222 842 234 872 §
248 842 269 865 1.

120 873 175 897 eod.
190 873 231 897 tu.

122 1438 221 1469 Philip.
234 1437 268 1463 iv.
281 1438 303 1463 6.

343 766 458 807 ratis
489 773 567 806 aut
598 764 838 805 latronibus
866 763 986 817 capti
1018 762 1143 803 liberi
1167 769 1431 815 permanent.
1495 760 1676 803 Accedat
1701 760 1802 802 illud

345 830 539 887 Ulpiani:
576 831 624 871 in
653 830 853 872 ciuilibus
882 829 1227 876 dissensionibus,
1257 828 1455 883 quamvis
1489 842 1599 883 scepe
1625 841 1707 883 per
1729 842 1802 869 eas

344 898 588 954 respublica
625 897 822 944 Zaedatur,
859 910 941 937 non
977 902 1117 936 tamen
1146 895 1194 935 in
1225 895 1403 936 exitium
1430 894 1678 949 reipublicce
1707 908 1803 935 con-

345 965 563 1006 tenditur:
599 964 675 1018 qui
710 963 758 1003 in
794 962 1032 1004 alterutras
1059 968 1212 1016 partes
1248 961 1463 1002 discedent
1489 961 1580 1002 vice
1614 961 1803 1002 hostium

342 1046 427 1073 non
455 1038 554 1072 sunt
594 1044 736 1071 eorum
775 1030 888 1070 inter
926 1042 1028 1083 quos
1051 1027 1162 1081 jura
1200 1027 1507 1082 captivitatum
1543 1035 1625 1068 aut
1648 1027 1803 1082 postli-

343 1099 577 1139 miniorum
590 1097 796 1150 fiterint:
834 1102 873 1136 et
900 1096 995 1135 ideo
1020 1101 1180 1147 captos,
1215 1100 1254 1134 et
1284 1093 1548 1134 venundatos
1570 1101 1804 1148 posteaque

342 1164 626 1205 manumissos
642 1163 815 1217 placuit
838 1174 1100 1215 supervacuo
1131 1166 1315 1214 repetere
1339 1173 1368 1199 a
1383 1160 1588 1214 principe
1611 1159 1804 1213 inqenui-

343 1238 486 1279 tatem,
517 1244 647 1285 quam
671 1228 795 1269 nulla
819 1227 1072 1281 captivitate
1096 1227 1346 1267 amiserant.

443 1297 469 1337 2
517 1295 625 1336 Illud
654 1299 815 1335 tantum
850 1292 1087 1340 notandum,
1123 1291 1197 1332 sub
1227 1289 1414 1347 exemplo
1450 1290 1590 1347 populi
1624 1289 1804 1332 Romani

341 1361 525 1418 quemvis
561 1359 735 1416 intelligi
771 1358 840 1414 qui
871 1358 913 1399 in
948 1358 1112 1400 civitate
1147 1372 1347 1399 summum
1380 1356 1596 1413 imperium
1635 1357 1801 1400 habeat.

341 1431 423 1471 Ille
450 1430 584 1471 hostis
617 1435 689 1475 est,
721 1425 779 1467 ait
813 1425 968 1474 Cicero,
1004 1426 1080 1480 qui
1108 1425 1232 1466 habet
1261 1424 1584 1478 rempublicam,
1619 1425 1801 1471 curiam,

341 1496 561 1543 cerarium,
612 1507 856 1535 consensum
901 1499 939 1533 et
984 1492 1259 1533 concordiam
1304 1491 1476 1540 civium,
1518 1499 1556 1533 et
1589 1491 1803 1532 rationem

339 1563 541 1618 aliquam
572 1561 612 1602 si
642 1574 708 1601 res
742 1560 807 1600 ita
842 1558 989 1599 tulerit
1018 1558 1147 1612 pacis
1178 1564 1217 1598 et
1238 1557 1420 1611 sederis.

441 1627 501 1670 II.
567 1628 590 1667 1
639 1626 734 1666 Non
779 1628 917 1665 autem
956 1623 1094 1665 statim
1131 1622 1359 1679 respublica.
1404 1627 1478 1664 aut
1523 1621 1668 1664 civitas
1713 1636 1803 1664 esse

340 1693 490 1737 desinit
527 1691 581 1734 lsi
621 1691 719 1748 quid
759 1689 953 1732 admittat
992 1688 1200 1746 injustum,
1240 1688 1362 1730 etiam
1403 1688 1685 1739 communiter,
1726 1703 1803 1730 nec

399 1811 413 1833 b
437 1811 500 1850 Qui
514 1820 535 1840 a
550 1810 724 1840 latronibus
738 1811 847 1846 eaptus
861 1810 915 1843 est,
930 1816 1038 1837 servus
1101 1806 1318 1836 Mithridatico
1341 1806 1429 1845 (pag.
1444 1808 1510 1836 237.
1532 1806 1597 1836 Ed.
1615 1806 1659 1835 H.
1677 1805 1801 1845 Steph.)

339 1863 495 1892 latronum
516 1870 576 1890 non
600 1859 657 1898 est]
699 1859 782 1888 Hinc
812 1860 1037 1896 argumentum
1105 1857 1199 1887 Adde
1214 1857 1383 1886 Herreram
1399 1860 1486 1886 tomo
1501 1866 1539 1888 11.

338 1912 471 1941 Poenulo
512 1910 638 1939 Plauti:
685 1909 839 1938 Eunucho
883 1908 1034 1937 Terentii.
1166 1908 1175 1925 ¹
1200 1908 1318 1937 Confer
1340 1908 1631 1945 Pumxnonmum,
1653 1908 1706 1938 De
1723 1907 1805 1937 Jure

341 1962 430 1991 Talis
452 1963 483 1990 et
498 1961 647 1989 Eumaeus
668 1958 777 1995 odyss,
796 1958 836 1988 Ο.
860 1962 952 1995 (vers,
967 1959 1037 1987 402.
1104 1958 1182 1988 Nat.
1196 1962 1224 1987 et
1241 1958 1394 1995 Gentium,
1410 1959 1482 1989 Lib.
1493 1967 1573 1988 vm.
1588 1967 1657 1996 cap.
1667 1958 1708 1987 vi.
1725 1957 1743 1996 ἓ
1758 1959 1789 1988 5.

339 2016 367 2042 et
380 2013 476 2050 seqq.)
1163 2007 1178 2028 ‘¹
1202 2007 1351 2037 Criminis
1364 2017 1462 2037 eausa
1475 2008 1650 2046 sociantur]
1663 2007 1805 2046 ’Όμιλος

396 2067 410 2083 0
431 2059 607 2099 Apiratz's]
623 2059 793 2098 Pompeius
808 2069 826 2088 a
837 2059 948 2098 piratis
962 2067 1038 2096 cap·
1102 2056 1281 2096 ἀνθρώπων
1303 2059 1338 2085 οὐ
1360 2057 1445 2096 νόμῳ
1468 2057 1656 2096 ξυνιόντων,
1675 2056 1752 2086 ἀλλ’
1768 2057 1804 2086 ἐκ

339 2115 389 2142 tos
421 2112 537 2141 liberos
571 2109 799 2149 pronuntiavit.
866 2109 1038 2146 Appianus
1103 2108 1163 2136 τοῦ
1180 2106 1289 2136 αδῖκου
1306 2106 1575 2146 ξυνειλεγμένων·
1598 2106 1692 2137 turba
1706 2106 1803 2135 homi-

328 2280 415 2327 fore
436 2279 474 2313 lie
494 2277 569 2312 who
589 2278 619 2312 is
640 2277 744 2311 taken
767 2277 934 2322 prisoner
954 2277 998 2322 by
1023 2277 1162 2310 robbers
1187 2275 1216 2309 is
1244 2280 1304 2308 not
1331 2274 1457 2319 subject
1483 2277 1516 2306 to
1547 2271 1647 2311 them,
1675 2282 1743 2304 nor
1771 2271 1801 2304 is

337 2336 597 2382 postliminium
614 2346 793 2379 necessary
811 2335 880 2381 for
903 2334 985 2368 him.
1039 2334 1116 2367 But
1140 2333 1179 2367 he
1199 2332 1274 2366 who
1295 2331 1324 2365 is
1351 2330 1457 2365 taken
1480 2328 1645 2374 prisoner
1665 2328 1708 2373 by
1724 2338 1801 2361 ene·-

338 2393 433 2434 mies,
451 2404 596 2438 suppose
619 2392 797 2426 Germans
813 2403 855 2425 or
870 2391 1083 2431 Parthians,
1101 2392 1246 2424 becomes
1263 2388 1352 2423 their
1367 2387 1470 2427 slave,
1491 2386 1566 2419 and
1580 2395 1732 2419 recovers
1749 2385 1802 2417 his

329 2452 474 2498 former
489 2455 576 2484 state
601 2450 643 2494 by
668 2448 941 2493 postliminium.
987 2448 1037 2482 So
1062 2447 1212 2481 Paulus.
1261 2445 1401 2491 Ulpian
1428 2442 1519 2477 adds
1540 2442 1633 2482 that,
1658 2442 1697 2475 in
1718 2441 1802 2476 civil

339 2519 442 2549 wax-s,
460 2506 524 2541 the
547 2506 717 2552 opposite
737 2505 875 2551 parties
900 2515 963 2539 are
989 2508 1055 2539 not
1075 2504 1207 2538 formal
1236 2502 1409 2543 enemies,
1432 2500 1504 2535 and
1525 2498 1712 2534 therefore
1736 2498 1802 2533 the

339 2565 500 2610 captives
521 2564 634 2598 taken
652 2563 699 2596 do
716 2567 782 2597 not
799 2562 877 2596 lose
898 2561 996 2596 their
1012 2561 1092 2596 free
1108 2561 1309 2596 condition.

408 2626 428 2656 2
460 2622 528 2656 We
548 2632 634 2666 may
654 2624 742 2655 note
766 2619 849 2654 that
874 2618 992 2653 which
1018 2619 1048 2653 is
1078 2619 1157 2653 said
1184 2618 1232 2664 by
1250 2617 1314 2652 the
1338 2617 1485 2650 Roman
1504 2613 1644 2660 Jurists,
1669 2612 1713 2647 of
1738 2612 1803 2647 the

337 2679 485 2713 Roman
496 2678 648 2723 People,
662 2678 691 2711 is
709 2681 748 2712 to
764 2676 811 2711 be
828 2676 1055 2711 understood
1073 2676 1115 2710 of
1130 2675 1209 2709 him
1224 2674 1306 2708 who
1323 2673 1389 2708 has
1409 2672 1474 2707 the
1491 2681 1662 2717 supreme
1679 2680 1803 2715 power

337 2736 376 2769 in
397 2747 469 2781 any
485 2740 592 2770 state.
639 2735 697 2769 He
712 2735 742 2769 is
758 2746 824 2769 our
843 2745 973 2779 enemy,
988 2744 1070 2779 says
1092 2733 1233 2773 Cicero,
1248 2732 1324 2766 who
1345 2732 1408 2765 has
1424 2731 1476 2764 the
1493 2732 1728 2774 yovernment‚
1750 2726 1804 2760 the

338 2794 484 2833 councz‘l,
512 2794 564 2827 the
584 2799 758 2837 treasury,
785 2792 838 2826 the
866 2797 1002 2826 consent
1032 2791 1108 2825 and
1133 2794 1327 2836 ayreement
1354 2788 1401 2833 of
1419 2787 1472 2821 the
1491 2784 1731 2824 citizens,and
1751 2783 1804 2817 tlte

333 2861 455 2895 power
474 2851 522 2893 of
534 2850 681 2894 malt-inq
698 2861 777 2883 war
793 2849 869 2883 and
883 2859 999 2894 peace.

405 2906 454 2939 ΙΙ.
509 2910 526 2939 1
560 2906 592 2939 Α
623 2907 728 2940 State
756 2917 798 2940 or
824 2903 1143 2940 Commonwealth
1171 2903 1259 2937 does
1284 2904 1351 2936 not
1376 2909 1481 2935 cease
1505 2902 1545 2934 to
1569 2897 1616 2932 be
1642 2895 1733 2932 such
1752 2895 1803 2942 by

337 2963 592 3008 perpetrating
619 2975 667 2997 an
693 2967 753 2997 act
777 2963 820 2997 of
841 2963 1024 3007 injustice,
1049 2972 1143 2996 even
1167 2960 1206 2993 in
1231 2969 1423 2994 common:
1450 2967 1520 2991 nor
1540 2956 1570 2990 is
1590 2966 1612 2990 a
1637 2953 1738 2989 band
1762 2953 1806 2988 of
