1971 3326
146 141 236 176 CAP.
256 141 345 185 IX]
653 146 721 181 DE
752 147 1105 185 POSTLIMINIO.
1539 148 1559 186 1
1567 146 1620 190 73

147 250 251 294 certi
273 251 429 309 aliquid
453 255 782 311 praescriberent.
854 258 992 314 Atque
1027 258 1201 300 eandem
1237 259 1288 301 ob
1325 273 1489 301 causam
1522 263 1622 304 lnec

148 317 270 367 servi,
295 333 371 361 nec
394 334 461 362 res
486 321 590 363 bello
615 328 747 378 captae
771 338 871 379 pace
893 324 1137 374 redduntur,
1174 324 1252 366 nisi
1286 325 1417 381 pactis
1452 341 1622 383 expres-

148 398 238 426 sum
262 384 305 427 id
328 385 405 429 sit:
442 387 538 442 quia
563 387 691 430 victor
716 389 828 431 credi
852 390 940 432 vult
956 390 1026 447 jus
1047 390 1123 433 sibi
1139 390 1263 433 fuisse
1284 392 1363 433 ista
1387 393 1619 447 quaerendi:

149 450 214 491 cui
238 452 533 503 contradicere,
556 453 599 496 id
624 469 721 496 vero
745 455 882 498 fuerat
905 456 1013 499 bella
1037 472 1089 499 ex
1117 457 1233 499 bellis
1257 472 1423 501 serere:
1459 474 1509 500 ex
1534 459 1622 515 qui-

149 515 225 558 bus
245 524 421 574 apparet
443 519 654 576 ingeniose
684 536 767 562 non
798 536 851 563 ex
881 537 981 565 vero
1005 523 1175 565 allatum
1199 523 1300 567 illud
1323 524 1435 581 apud
1459 525 1621 576 Quinti-

147 581 301 625 lianum
326 599 402 640 pro
428 586 661 628 Thebanis:
699 587 791 629 ideo
816 587 1000 644 captivos
1024 588 1057 630 si
1078 589 1120 630 in
1149 590 1327 646 patriam
1351 605 1466 633 suam
1487 592 1620 634 redie-
1638 601 1803 656 &fg-Orat-

148 655 261 700 runt,
286 650 436 693 liberos
461 666 562 701 esse,
599 652 696 708 quia
719 653 826 694 bello
850 659 973 709 parta
996 669 1078 696 non
1101 655 1178 697 nisi
1203 657 1348 699 eadem
1373 657 1415 698 vi
1438 657 1622 714 posside-

148 721 285 760 antur.
355 716 546 759 Diximus
570 717 622 759 de
643 733 755 774 pace.

250 783 278 823 4
324 783 422 824 ΙΙΙ111
449 783 556 825 bello
591 784 769 827 redeunt
798 784 1045 841 postliminio
1080 787 1266 831 homines
1298 788 1368 845 qui
1399 794 1621 846 antequam

149 853 395 904 caperentur
418 849 538 891 liberi
558 849 750 893 fuerant:
781 851 1036 908 recipiuntur
1059 854 1169 896 servi
1193 860 1235 897 et
1258 855 1339 896 alia
1360 856 1562 910 quaedam.

248 915 301 957 V.
354 915 480 957 Liber
503 915 624 958 homo
647 916 707 958 ita
730 917 894 959 demum
914 918 1162 975 postliminio
1182 921 1304 971 redit,
1326 920 1360 962 si
1384 921 1461 963 hoc
1485 921 1621 965 animo

147 979 203 1022 ad
237 994 332 1022 suos
368 981 531 1024 venerit
564 988 611 1024 ut
645 997 786 1025 eorum
818 998 887 1026 res
921 991 1178 1040 sequeretur,
1214 993 1261 1029 ut
1290 1001 1316 1030 a
1347 987 1620 1044 Tryphonino
1640 999 1821 1059 &lg-3353·

147 1045 356 1101 proditum
381 1053 468 1089 est:
503 1048 694 1090 nimirum
719 1049 827 1105 quia,
863 1057 909 1093 ut
933 1051 1023 1107 quis
1047 1066 1193 1094 servus
1216 1052 1321 1095 liber
1353 1053 1438 1103 fiat,
1471 1068 1515 1096 se
1550 1055 1621 1097 de·
1637 1054 1823 1121 ῃζξῑῖἓξξίίξζιχ

148 1111 230 1161 bet,
251 1117 297 1154 ut
320 1112 380 1154 ita
403 1113 547 1163 dicam,
573 1115 802 1171 acquirere,
840 1118 950 1172 quod
968 1132 1051 1159 non
1075 1124 1138 1160 est
1161 1118 1237 1160 nisi
1256 1119 1442 1162 volentis.
1501 1121 1620 1163 Cete—
1637 1121 1838 1183 ῗέαξαξζξζῗίῖ·

147 1192 239 1219 rum
275 1180 363 1221 nan
396 1179 436 1221 vi
474 1180 619 1222 bellica
656 1188 848 1238 receptus
883 1183 935 1225 sit
973 1184 1025 1225 ab
1063 1184 1261 1235 hostibus,
1299 1201 1354 1228 an
1395 1185 1490 1228 dolo
1525 1201 1621 1243 pro-

147 1243 315 1301 fugerit,
350 1245 451 1287 nihil
479 1246 621 1297 refert,
655 1253 701 1289 ut
733 1262 759 1289 a
791 1249 1032 1291 Florentino
1064 1256 1251 1293 notatum
1288 1258 1362 1294 est.
1435 1253 1814 1325 Tantum-&myo-

147 1309 241 1351 dem
278 1311 359 1353 erit
396 1311 430 1353 si
470 1313 523 1354 ab
563 1313 750 1356 hostibus
788 1320 933 1370 sponte
971 1316 1024 1358 sit
1061 1317 1250 1360 traditus.
1323 1318 1435 1369 Quid
1466 1321 1483 1340 ⁰
1498 1319 1532 1361 si
1566 1320 1620 1362 ab
1638 1315 1821 1385 {Zassffffssmb

146 1375 266 1418 hoste
291 1378 482 1420 venditus
517 1379 772 1429 commercio,
799 1386 845 1422 ut
868 1381 926 1431 fit,
950 1382 1004 1423 ad
1028 1397 1122 1424 suos
1150 1385 1425 1439 pervenerit?
1495 1386 1621 1428 Trac·
1638 1379 1760 1423 ‘1212052'2-
1772 1379 1828 1417 &ch

146 1447 260 1484 tatur
294 1443 383 1486 haec
424 1445 706 1488 controversia
741 1446 886 1503 papud
927 1448 1125 1489 Senecam
1170 1449 1213 1490 in
1251 1450 1454 1507 Olynthio
1499 1466 1622 1508 quem

134 1546 286 1585 fuerunt]
302 1547 453 1578 Julianus
465 1549 608 1578 oratione
622 1549 654 1578 in
669 1550 770 1579 malos
786 1550 849 1589 Cy-
918 1551 1039 1588 Hunni,
1053 1553 1107 1582 sed
1123 1553 1265 1590 Heruli.)

145 1596 251 1626 nicos:
289 1598 376 1627 οὕτω
398 1599 456 1636 μὲν
480 1598 519 1629 ἂν
548 1600 613 1628 εἶεν
641 1599 769 1629 οἰκέται
794 1601 848 1630 καὶ

144 1646 291 1677 ὁπόσους
305 1650 372 1677 ’τῶν
385 1649 612 1686 αἰχμαλώτων
627 1649 844 1688 λυτρούμεθα.

145 1696 201 1725 καί
218 1708 273 1726 τοι
294 1696 324 1725 οἱ
347 1697 438 1735 νόμοι
458 1699 594 1728 τούτοις
617 1698 848 1728 ἀποδεδώκασι

143 1746 205 1782 τήν
221 1746 410 1785 ἐλευθερίαν
425 1747 561 1777 σωθεῖσι
577 1748 630 1777 καὶ
646 1748 769 1777 οἶκαδε·
791 1749 849 1778 Izoc

143 1796 233 1825 modo
244 1797 328 1825 servi
339 1801 445 1833 essent,
457 1798 550 1826 etiam
559 1807 636 1835 quos
650 1798 728 1827 bello
740 1802 849 1836 capto-5

144 1845 322 1876 liberamus.
372 1847 471 1885 Atqui
498 1848 615 1877 talibus
640 1848 694 1877 ubi
723 1849 768 1878 ad
792 1858 849 1878 nos

143 1896 295 1926 redierint
328 1897 501 1926 libertatem
535 1897 721 1935 adjudicant
758 1899 847 1937 leqes.

147 1945 236 1975 Orat.
248 1954 291 1974 v1.
307 1955 381 1985 pag.
394 1947 462 1983 195,
472 1946 538 1978 196.
562 1948 652 1977 Edit.
661 1947 847 1987 Spanlzem.)

205 2000 219 2015 ¹¹
240 1996 291 2025 An
306 1997 338 2025 vi
351 1997 464 2026 bellica
482 2001 620 2036 receptus
638 1999 679 2028 sit
693 1998 733 2027 ab
749 2000 846 2028 hosti-

144 2045 213 2084 bus]
235 2046 280 2075 Ut
294 2047 340 2075 illi
355 2056 434 2085 quos
449 2057 468 2076 a
483 2047 585 2077 slavis
603 2052 713 2087 captos
729 2049 846 2078 libera-

143 2105 215 2125 vere
243 2096 363 2133 Hunni‚
397 2097 483 2136 apud
515 2098 705 2136 Procopium
736 2100 846 2129 itidem

146 2145 363 2176 Gotthicorum
388 2155 442 2176 111.
497 2147 598 2186 (Cap.
624 2150 673 2180 13.
701 2150 756 2179 ubi
782 2160 846 2180 non

977 1607 991 1622 0
1014 1601 1052 1630 Si
1079 1602 1119 1631 ab
1147 1603 1232 1632 hoste
1261 1604 1401 1634 venditus
1429 1607 1622 1644 commercio,

917 1654 951 1680 ut
961 1652 1018 1690 fit,
1042 1652 1087 1681 acl
1111 1662 1183 1681 suos
1204 1654 1399 1692 pervenerit]
1438 1656 1482 1685 Ut
1509 1657 1621 1686 eodem

918 1701 1066 1739 Procopii
1091 1702 1172 1731 libro
1195 1703 1323 1741 juvenis
1349 1705 1548 1742 Childubius‚
1576 1706 1622 1736 τοὶ

918 1752 973 1779 νῦν
1001 1752 1043 1787 δὲ,
1068 1752 1142 1781 ἐπεὶ
1163 1752 1310 1791 ἀφίκετο
1336 1755 1380 1784 εἰς
1402 1755 1531 1793 πάτρια
1552 1755 1621 1793 ἤθη,

918 1800 1089 1839 ἐλεύθερος
1103 1802 1145 1830 τὸ
1161 1802 1282 1832 λοιπὸν
1302 1803 1434 1843 κατάγε
1447 1805 1509 1834 τὸν
1523 1805 1621 1842 νόμον

917 1850 971 1879 καὶ
986 1851 1085 1880 αὐτὸς
1100 1851 1196 1881 ἔσται
1206 1861 1213 1868 ·
1235 1853 1367 1890 dicebat,
1382 1863 1413 1883 se
1427 1864 1494 1883 cum
1507 1855 1540 1883 in
1556 1865 1620 1893 pa-

917 1901 1014 1930 triam
1028 1901 1171 1931 rediisset
1186 1902 1316 1932 liberum
1330 1904 1450 1940 exjure
1469 1905 1501 1934 in
1517 1910 1622 1943 poste-

916 1961 986 1980 rum
994 1953 1083 1989 fore.
1106 1954 1119 1990 (
1126 1953 1206 1991 Cap.
1224 1953 1292 1991 14.)
1333 1955 1379 1983 At
1394 1957 1479 1994 apud
1500 1956 1622 1986 Tureas

916 2002 1039 2031 nullum
1055 2002 1129 2031 olim
1142 2003 1238 2033 fuisse
1249 2005 1380 2043 captivis
1391 2006 1621 2044 postliminium

916 2054 1008 2081 notat
1024 2052 1246 2083 Leunclavius.

974 2107 991 2128 P
1012 2102 1110 2141 Apud
1131 2103 1294 2143 Senecam]
1319 2105 1416 2135 Libro
1439 2115 1468 2136 v.
1491 2109 1620 2136 contro-

915 2152 1017 2182 versia
1030 2154 1079 2182 34.

141 2303 227 2334 war,
248 2296 381 2339 except
401 2305 441 2329 so
462 2294 521 2329 far
541 2306 580 2330 as
602 2296 797 2342 regulated
817 2297 867 2344 by
884 2302 1064 2345 compact.
1098 2299 1184 2334 And
1199 2300 1258 2335 for
1274 2300 1339 2336 the
1357 2311 1458 2336 same
1475 2312 1620 2344 reason,

142 2349 259 2385 slaves
288 2351 361 2385 and
391 2351 500 2387 other
523 2358 703 2400 property
723 2365 786 2389 are
807 2359 873 2390 not
893 2357 1062 2392 restored
1082 2360 1122 2391 at
1142 2369 1268 2403 peace,
1295 2362 1427 2405 except
1448 2359 1498 2405 by
1517 2370 1619 2393 com-

141 2411 249 2451 pact3
275 2407 336 2441 for
355 2407 445 2454 they
465 2420 529 2444 are
554 2411 740 2456 supposed
765 2415 804 2446 to
825 2411 872 2447 be
898 2414 1012 2448 taken
1034 2414 1082 2459 by
1107 2415 1218 2460 right,
1245 2416 1318 2450 and
1345 2420 1384 2450 to
1414 2416 1512 2461 deny
1532 2416 1618 2458 this,

141 2464 264 2497 would
281 2464 328 2498 be
344 2468 384 2499 to
404 2466 510 2501 make
527 2478 618 2502 wars
636 2479 736 2513 grow
750 2472 815 2503 out
828 2470 871 2504 of
884 2482 985 2505 wars.
1028 2471 1194 2506 Whence
1207 2472 1236 2507 it
1249 2483 1407 2518 appears
1424 2472 1506 2506 that
1519 2472 1618 2508 what

141 2519 172 2554 is
192 2520 338 2566 alleged
354 2521 404 2567 by
423 2523 628 2563 Quintilian
646 2525 706 2559 for
722 2525 786 2561 the
808 2526 993 2568 Thebans,
1012 2528 1042 2562 is
1058 2529 1265 2573 ingenious,
1281 2529 1349 2563 but
1367 2532 1433 2563 not
1450 2534 1544 2564 true.

215 2581 238 2611 4
277 2578 334 2624 By
354 2579 623 2624 postliminium
644 2581 683 2616 in
702 2593 788 2624 war,
808 2583 915 2619 those
937 2585 1018 2619 who
1040 2597 1136 2620 were
1158 2585 1237 2620 free
1259 2597 1345 2620 men
1365 2585 1496 2621 before
1517 2586 1616 2621 their

141 2637 308 2680 capture,
328 2641 476 2675 return5
504 2637 620 2672 slaves
645 2639 719 2673 and
741 2639 864 2686 things
885 2653 949 2676 are
970 2643 1159 2677 recovered.

209 2691 255 2725 V.
301 2692 333 2726 A
353 2692 433 2727 free
459 2705 546 2728 man
575 2698 722 2730 returns
748 2696 797 2742 by
821 2698 1102 2742 postliminium,
1128 2699 1161 2732 if
1181 2698 1230 2733 he
1250 2710 1373 2734 comes
1394 2703 1433 2735 to
1453 2700 1511 2735 his
1533 2712 1615 2736 own

140 2752 250 2794 party
267 2749 355 2783 with
368 2750 441 2784 this
459 2750 600 2785 intent:
624 2752 816 2787 inasmuch
832 2765 883 2794 as,
901 2755 938 2787 in
956 2755 1066 2789 order
1082 2755 1164 2789 that
1180 2767 1201 2789 a
1219 2756 1318 2791 slave
1340 2754 1398 2801 [or
1413 2768 1435 2791 a
1450 2756 1611 2804 captive]

140 2817 227 2852 may
247 2806 400 2841 become
422 2808 501 2842 free
519 2808 565 2842 he
587 2813 696 2850 must,
717 2820 756 2844 50
775 2814 814 2844 to
836 2810 960 2855 speak,
982 2812 1131 2857 acquire
1151 2812 1311 2855 himself,
1331 2813 1451 2849 which
1478 2819 1616 2851 cannot

139 2862 187 2898 be
218 2863 315 2898 done
346 2864 502 2899 without
533 2864 589 2899 his
622 2866 706 2900 will.
766 2867 840 2901 But
865 2867 1031 2902 whether
1057 2868 1104 2903 he
1130 2869 1177 2904 be
1202 2871 1402 2905 recovered
1427 2872 1525 2906 from
1550 2872 1616 2908 the

140 2930 274 2967 enemy
290 2920 340 2968 by
360 2922 510 2957 warlike
526 2922 640 2965 force,
658 2933 700 2958 or
720 2924 829 2959 make
846 2923 903 2960 his
921 2936 1064 2972 escape,
1085 2927 1211 2962 makes
1231 2939 1280 2963 no
1302 2928 1512 2971 difference,
1529 2941 1567 2964 as
1585 2930 1615 2964 is
