1971 3326
127 156 219 194 CAP.
237 156 328 202 XL]
422 159 816 198 INTERFIOIENDI
846 163 903 199 IN
932 164 1099 200 BELLO
1130 166 1302 203 JUSTO.
1518 165 1601 206 209

126 265 375 309 Ptolemaeus
420 283 495 311 rex
535 270 750 312 Demetrio
789 271 1004 329 significat,
1046 271 1093 318 οὑ
1135 274 1236 334 περὶ
1280 274 1459 321 πάντων
1492 277 1596 329 ἅμα,
1620 297 1738 351 finem

127 329 229 391 περὶ
266 328 388 391 δόξης
420 330 464 379 δὲ
497 335 565 380 καὶ
602 334 740 397 ἀρχῆς
779 337 1062 391 πολεμητέον
1086 338 1248 386 αὐτοῖς·
1286 358 1370 385 non
1393 346 1444 386 de
1472 348 1599 389 rebus
1617 331 1758 384 &isui-“¹''

125 401 337 449 omnibu&
363 403 438 444 scd
461 403 512 444 de
535 404 717 459 imperio
747 412 787 445 et
808 405 956 460 ¹qloria
980 408 1093 449 inter
1121 409 1238 464 ipsos
1263 418 1478 453 certamen
1501 426 1596 454 esse.

127 464 306 508 Severus
341 468 474 523 ⁰apud
505 469 817 511 Herodianum:
857 486 952 513 cum
981 474 1135 515 bellum
1167 476 1376 518 adversus
1404 479 1598 533 Niyrum
1616 492 1675 518 Lib.
1690 493 1726 517 m.
1741 494 1764 518 6.

121 533 342 586 9essz'mus,
367 549 451 576 non
471 535 536 576 ita
559 550 667 578 sane
689 538 905 591 speciosas
928 539 1267 582 inimicitiarum
1291 557 1450 586 causas
1470 545 1598 587 liabe-

125 598 307 647 bamus3
345 615 449 642 nam
476 602 670 655 positum
704 603 752 642 in
786 605 925 644 medio
950 607 1257 660 principatum
1292 617 1420 664 atque
1452 612 1597 653 adhuc

123 665 172 704 in
193 665 507 721 disceptatione
535 675 776 709 versantem
790 670 903 724 pari
927 672 1095 712 ambita
1119 680 1293 728 uterque
1317 684 1510 718 nostrum
1534 680 1596 719 ad

122 744 165 772 se
191 732 401 774 trahebat.

224 798 251 837 3
300 797 420 854 Saepe
450 797 577 841 habet
604 797 749 849 locum,
782 800 893 855 quod
925 800 976 842 de
1001 801 1107 844 bello
1135 803 1310 846 Caesaris
1343 811 1385 848 et
1408 809 1595 865 Pompeii

122 867 185 904 est
207 863 318 918 apud
338 863 602 908 Ciceronem:
627 873 723 908 erat
746 867 988 909 obscuritas
1011 871 1210 924 qucedam
1226 886 1240 912 :
1261 880 1357 914 erat
1381 882 1596 918 certamen
1616 894 1691 916 Orat.
1703 901 1756 924 pro

121 929 236 970 inter
272 930 538 973 clarissimos
574 933 730 974 duces:
770 933 899 974 multi
932 935 1206 986 dubitabant,
1244 939 1352 993 quid
1386 943 1595 995 optimum
1614 924 1788 948 mamam

120 1002 239 1036 esset.
303 995 362 1038 Et
383 997 493 1052 quod
516 995 625 1039 idem
649 997 772 1041 alibi:
796 1000 876 1041 etsi
892 1001 1046 1056 aliqua
1071 1004 1201 1057 culpa
1224 1012 1412 1047 tenemur
1433 1011 1595 1050 erroris
1612 1026 1753 1051 iisset-..2

120 1060 314 1111 humani,
341 1077 371 1103 a
393 1064 544 1105 scelere
568 1072 678 1106 certe
708 1065 884 1107 liberati
905 1081 1063 1110 sumus.
1120 1069 1250 1111 Plane
1274 1076 1321 1112 ut
1343 1073 1455 1127 apud
1481 1073 1594 1116 Thu-

119 1125 314 1181 cydidem
352 1127 546 1170 dicuntur
587 1130 706 1172 venia
745 1131 883 1189 digna,
920 1146 1013 1187 quae
1044 1133 1147 1176 fiunt
1188 1134 1246 1189 μή
1284 1135 1401 1188 μετὰ
1433 1141 1591 1191 κακίας,
1611 1158 1670 1184 Lib.
1686 1160 1754 1184 ωε.

120 1186 248 1249 δόξης
283 1187 329 1236 δὲ
359 1195 532 1246 μᾶλλον
565 1192 773 1255 ἁμαρτίᾳ.
834 1198 901 1240 De
937 1198 1136 1242 Deiotaro
1173 1201 1282 1243 idem
1316 1203 1385 1245 ille
1422 1205 1591 1250 Cicero:
1613 1227 1754 1261 orqtpro

119 1273 203 1300 non
225 1259 301 1302 ille
323 1261 422 1303 odio
447 1263 512 1303 tui
528 1277 795 1317 proqressus,
832 1266 906 1306 sed
928 1280 1070 1308 errore
1094 1271 1312 1311 communi
1341 1271 1492 1326 lapsas
1515 1279 1588 1316 est.
1610 1258 1698 1282 DM'
1712 1259 1770 1281 Μ’

119 1324 340 1367 Sallustius
377 1325 420 1368 in
449 1326 656 1369 historiis:
696 1335 838 1372 cetera
867 1332 1111 1382 multitudo,
1146 1335 1266 1390 vulyi
1296 1351 1411 1379 more
1447 1341 1590 1395 maqis
1610 1355 1808 1385 Fra9272.vi.34.

1610 1387 1688 1409 Orat.
1701 1386 1718 1409 i.
1732 1387 1769 1409 acl

118 1405 250 1445 quam
270 1392 459 1447 judicio,
483 1402 586 1449 post
610 1396 730 1438 alius
760 1397 900 1438 alium
931 1400 1065 1453 quasi
1084 1402 1411 1454 prudentiorem
1441 1408 1587 1448 secuti.
1609 1417 1797 1451 ‘'wedestor-

1606 1448 1698 1471 ordin.

120 1457 243 1506 Quod
267 1458 319 1500 de
343 1459 459 1501 bellis
482 1459 668 1502 civilibus
692 1463 850 1504 Brutus
874 1463 1107 1520 scripserat,
1133 1472 1274 1521 putem
1298 1482 1381 1510 non
1405 1471 1511 1513 male
1535 1472 1588 1513 ad
1607 1487 1713 1513 cmm
1726 1489 1806 1514 Brut.

116 1522 314 1580 pleraque
347 1524 454 1568 bella
491 1525 573 1568 alia
607 1527 757 1569 referri
794 1542 939 1584 posse:
983 1531 1160 1574 pacrius
1195 1548 1281 1575 esse
1314 1537 1590 1591 prohibenda
1607 1519 1697 1549 ΜΖ

117 1604 248 1644 quam
271 1591 320 1632 in
343 1601 568 1647 superatos
591 1594 873 1636 iracundiam
896 1599 1188 1640 eoeercendam.

205 1657 304 1699 V11.
365 1660 389 1699 1
438 1658 577 1700 Etiam
607 1659 678 1701 ubi
706 1660 870 1715 justitia
901 1662 979 1703 hoc
1013 1677 1095 1704 non
1131 1665 1274 1722 exigit,
1310 1681 1421 1724 saepe
1450 1673 1589 1711 tamen

117 1722 308 1768 convenit
332 1723 519 1775 bonitati,
552 1726 767 1767 qconvenit
791 1727 1014 1777 modesfflae,
1040 1732 1229 1773 convenit
1252 1732 1390 1775 animo
1414 1735 1586 1777 excelso.

115 1789 381 1842 Iynoscendo
414 1791 586 1832 auxisse
608 1792 767 1845 populi
800 1794 992 1835 Romani
1021 1798 1378 1850 niagynitzcdinem,
1407 1800 1466 1842 ait
1499 1801 1588 1842 Sal-
1608 1816 1719 1845 rraffm.
1734 1815 1749 1839 i.
1766 1816 1801 1840 13.

115 1852 271 1896 Iustius.
343 1854 476 1897 Taciti
514 1860 600 1898 est:
647 1866 815 1912 quanta
851 1860 1108 1912 pervicacia
1145 1863 1193 1903 in
1239 1865 1411 1916 hostem,
1461 1873 1588 1910 tanta
1606 1880 1678 1904 Ann-
1693 1879 1740 1903 xii·
1755 1880 1793 1904 20-

115 1970 268 2008 ἰσοτίμου
289 1970 490 2009 φιλοτιμίας
505 1972 550 2001 εἰς
565 1971 667 2002 αὐτὸν
684 1971 816 2003 α’νθεῖλ-
944 1981 959 2002 q
984 1975 1133 2006 Convenit
1147 1978 1315 2019 modestae]
1337 1981 1409 2011 Rex
1421 1983 1586 2013 Theuder-

112 2029 179 2048 κεν.
202 2019 332 2057 optime.
884 2024 972 2054 ichus
984 2027 1069 2064 apud
1086 2027 1309 2058 Cassiodorum
1320 2039 1359 2062 11.
1372 2033 1420 2061 41.
1437 2033 1497 2062 illa
1510 2034 1588 2063 mihi

172 2074 188 2094 Ρ
209 2068 325 2097 Acrius
345 2078 408 2098 esse
429 2070 637 2107 prohibenda,
662 2081 756 2109 quam
784 2072 816 2101 in
873 2075 1017 2112 feliciter
1031 2077 1113 2106 bella
1123 2085 1419 2120 provenerunt,quoe
1428 2083 1587 2114 moderato

113 2122 277 2155 superatos
286 2119 483 2149 iracundiam
494 2120 708 2160 exercendam]
720 2122 815 2152 Bem-
875 2125 943 2162 fine
953 2130 1089 2163 peracta
1106 2132 1186 2165 sunt,
1208 2129 1236 2158 is
1249 2131 1328 2159 enim
1342 2132 1438 2162 vincit
1449 2133 1586 2170 assidue,

113 2168 172 2196 bus
186 2176 237 2198 IX.
883 2175 938 2212 qui
951 2177 1035 2205 novit
1049 2178 1153 2207 omnia
1167 2182 1347 2217 temperare.

112 2339 172 2374 for
187 2340 295 2387 glory
315 2341 388 2375 and
407 2343 560 2389 empire.
614 2345 664 2380 So
689 2346 847 2382 Severus
864 2359 946 2396 says
964 2351 1008 2386 of
1022 2351 1148 2398 Niger.

185 2401 206 2432 3
239 2398 365 2438 Often,
394 2411 434 2434 as
462 2401 590 2436 Cicero
618 2413 700 2448 says
726 2403 769 2438 of
791 2404 856 2440 the
876 2418 952 2441 war
971 2408 1141 2444 between
1163 2410 1286 2446 Caesar
1306 2413 1380 2446 and
1404 2413 1583 2460 Pompey‚

113 2453 177 2487 the
207 2465 290 2489 case
317 2467 389 2490 was
408 2457 574 2499 obscure,
601 2460 675 2493 and
693 2456 781 2495 *that
809 2473 921 2510 many
945 2465 1112 2501 doubted
1132 2466 1250 2502 which
1274 2479 1345 2502 was
1371 2468 1435 2503 the
1459 2470 1583 2505 better

112 2509 202 2544 side.
253 2510 340 2545 And
361 2512 404 2546 of
419 2513 573 2549 himself
588 2515 635 2550 he
656 2527 749 2562 says,
776 2518 838 2553 We
858 2532 943 2566 may
962 2529 1023 2556 not
1045 2524 1081 2557 bc
1091 2525 1174 2570 free
1184 2525 1293 2569 from
1314 2526 1450 2559 human
1462 2528 1581 2571 fault,

113 2567 174 2601 but
206 2578 255 2602 we
285 2580 347 2603 are
371 2570 456 2614 free
477 2572 585 2618 from
617 2573 834 2610 wickedness.
897 2577 947 2612 So
978 2578 1027 2614 he
1063 2591 1145 2626 says
1181 2581 1258 2615 also
1295 2582 1339 2616 of
1366 2582 1576 2618 Deiotarus.

114 2624 164 2658 So
194 2624 332 2659 Sallust
362 2636 444 2672 says
479 2627 522 2661 of
538 2628 602 2663 the
629 2630 840 2667 multitude.
889 2634 1002 2670 What
1028 2636 1166 2672 Brutus
1195 2641 1310 2672 wrote
1334 2638 1377 2673 of
1397 2639 1462 2673 the
1494 2640 1580 2675 civil

111 2692 216 2723 wars,
232 2693 317 2728 may
337 2682 385 2718 be
412 2685 562 2729 applied
589 2689 628 2720 to
657 2687 766 2722 other
785 2700 896 2725 wars:
926 2692 1019 2726 That
1042 2694 1118 2738 they
1137 2695 1213 2728 who
1233 2695 1353 2729 raised
1377 2696 1466 2730 them
1490 2708 1579 2732 were

110 2750 207 2772 more
225 2751 361 2785 proper
380 2741 501 2786 objects
521 2743 568 2787 of
580 2755 692 2788 anyer
709 2746 796 2779 than
812 2747 887 2792 they
903 2749 979 2783 who
995 2761 1082 2784 were
1098 2752 1292 2796 conquered
1306 2752 1345 2786 in
1362 2753 1462 2787 them.

181 2795 268 2831 VII.
318 2801 336 2831 1
369 2798 474 2832 Even
499 2798 605 2834 when
624 2801 760 2846 justice
790 2803 879 2838 does
909 2809 976 2839 not
1006 2807 1153 2851 require
1182 2819 1224 2842 us
1254 2812 1293 2843 to
1324 2820 1431 2855 spare
1460 2810 1576 2847 men’s

109 2851 198 2887 lives
219 2853 258 2888 in
278 2864 363 2896 war,
383 2855 413 2890 it
430 2855 459 2889 is
481 2856 585 2891 often
602 2859 798 2904 agreeable
818 2863 857 2895 to
877 2861 1071 2906 goodness,
1092 2868 1131 2898 to
1149 2865 1393 2908 moderation,
1413 2871 1452 2902 to
1473 2879 1578 2914 mag·-

108 2910 301 2957 nanimity.
352 2911 403 2947 So
425 2913 563 2950 Sallust
580 2926 662 2963 says
680 2916 724 2952 of
736 2928 817 2959 one,
834 2917 918 2953 that
933 2918 981 2955 he
998 2921 1178 2958 increased
1195 2923 1248 2958 the
1265 2930 1443 2969 yrcatness
1459 2927 1505 2970 of
1523 2927 1576 2961 the

241 3019 396 3076 [eaor.
418 3023 499 3082 111.]
1385 3002 1440 3041 14
