1971 3326
154 588 233 612 Deut.
249 587 274 611 ii.
286 588 325 611 34.

154 620 233 643 Deut.
247 624 291 642 xx.
308 618 343 642 16.

151 852 196 900 ιΡε.
209 852 332 877 cxxxvii.

151 887 174 909 ..l-

374 199 428 238 80
614 203 681 237 ΒΕ
713 202 843 237 JURE
875 196 1269 235 INTERFICIENDI
1300 194 1495 230 HOSTES
1527 194 1585 228 IN
1655 190 1752 236 [LIB.
1773 191 1843 225 111.

474 313 550 354 IX.
607 313 631 352 1
681 311 876 353 Ceterum
906 313 952 349 ut
982 306 1036 347 ad
1067 319 1155 346 rem
1188 303 1372 352 redeam,
1414 316 1537 357 quam
1568 301 1651 343 late
1680 299 1845 342 licentia

371 378 452 421 ista
475 393 518 420 se
549 376 772 434 protendat
795 374 861 417 vel
895 372 990 414 hinc
1013 368 1271 426 intelligitur,
1304 367 1415 423 quod
1446 366 1661 408 infantium
1683 380 1845 422 quoque

373 451 416 487 et
446 443 691 486 feminarum
725 440 857 483 caedes
888 438 1054 493 impune
1085 435 1276 484 habetur,
1312 438 1354 475 et
1383 433 1461 475 isto
1492 432 1586 474 belli
1608 432 1704 487 jure
1734 446 1845 473 com-

372 509 658 566 prehenditur.
729 507 824 548 Non
855 505 935 546 huc
963 503 1148 544 adferam
1178 500 1288 555 quod
1321 497 1643 540 Hesbonitarum
1672 497 1845 539 feminas

373 582 415 618 et
437 589 587 632 pueros
610 571 780 614 Hebraei
809 570 1056 618 occiderunt,
1087 572 1130 609 et
1153 566 1264 622 quod
1292 565 1401 607 idem
1425 563 1513 605 fieri
1544 563 1771 619 imperatur
1802 563 1844 604 in

375 642 614 689 Cananaeos,
650 641 725 679 net
760 651 935 693 quorum
972 647 1158 676 connexa
1193 647 1283 674 cum
1323 629 1538 673 Cananaeis
1569 635 1660 671 erat
1696 644 1843 672 causa:

371 706 452 749 Dei
484 706 563 748 ista
603 709 698 747 sunt
741 718 881 760 opera,
914 701 1027 757 cujus
1061 699 1104 741 in
1140 698 1324 740 homines
1355 697 1425 752 jus
1461 695 1592 751 majus
1623 700 1686 737 est
1721 709 1842 750 quam

371 773 579 815 hominum
615 771 658 813 in
693 769 856 819 bestias,
883 775 930 810 ut
954 766 1051 810 alibi
1083 763 1359 808 disseruimus.
1409 762 1518 803 Illud
1539 760 1708 818 propius
1730 775 1844 802 acce-

372 839 433 881 dit
453 839 507 881 ad
531 837 765 880 testandum
790 849 946 877 morem
973 845 1228 874 communem
1252 828 1450 887 gentium,
1477 828 1587 883 quod
1611 827 1655 868 in
1678 826 1842 868 Psalmo

371 906 516 948 beatus
544 904 692 946 dicitur
718 902 808 944 fore
840 900 909 955 qui
942 897 1268 954 Babyloniorum
1303 895 1481 937 infantes
1520 899 1650 950 petrae
1685 892 1841 943 allidet,

371 971 434 1014 cui
459 985 535 1027 par
559 975 622 1012 est
644 967 935 1011 ⁰Homericum
959 964 1059 1007 illud
1084 963 1237 1018 (Iliad.
1264 975 1375 1004 xxu.
1403 962 1504 1015 63):

1007 1050 1060 1085 καὶ
1082 1047 1183 1092 νήπια
1203 1045 1302 1081 τέκνα

600 1112 802 1157 Βαλλόμενα
820 1109 922 1156 προτὶ
942 1106 1030 1142 ἔστ-υ
1052 1107 1087 1140 ἐν
1106 1106 1180 1149 αἰνῇ
1202 1104 1363 1148 δηϊότητι·

946 1165 1121 1209 Illisaque
1142 1173 1300 1208 corpora
1317 1166 1426 1196 terrae

600 1227 803 1267 Infzmtum,
824 1234 940 1261 saevus
961 1223 1050 1257 dum
1072 1220 1238 1256 concutit
1259 1219 1384 1254 omnia
1403 1218 1564 1253 Mavors.

426 1335 441 1351 ¹¹
461 1329 508 1358 Et
522 1338 652 1368 quorum
666 1336 803 1358 connexa
818 1336 885 1356 cum
901 1324 1070 1356 Cananoez's

367 1383 435 1409 erat
458 1379 570 1417 causa]
601 1379 646 1408 Ut
667 1376 863 1412 Amaleeitae,
887 1376 926 1405 de
955 1375 1069 1413 quibus

367 1429 529 1467 Josephus
540 1429 622 1457 libro
634 1437 681 1457 VI.
695 1429 722 1457 8.
734 1428 765 1456 in
779 1426 881 1456 Saulis
892 1426 999 1455 rebus:
1012 1423 1068 1453 ἐπὶ

367 1479 507 1517 σφαγήν
528 1479 692 1516 ’γυναικῶν
714 1477 767 1506 καὶ
790 1477 913 1512 νηπίων
941 1474 1066 1514 ἐχαίρη-

366 1541 434 1567 σεν,
449 1530 538 1558 οὐδὲν
552 1528 639 1565 ὠμὸν
654 1527 716 1556 οὐδ’
739 1526 943 1565 ἀνθρωπίνης·
965 1525 1067 1559 σκλη-

364 1579 503 1617 ρότερον
525 1576 792 1614 διαπράσσεσθαι
814 1576 944 1614 φύσεως
968 1574 1066 1612 ἡγού-

365 1640 470 1667 μενος,
497 1629 633 1664 ’πρῶτον
662 1627 721 1664 μὲν
747 1625 928 1663 πολεμίους
955 1625 1066 1652 ταῦτα

365 1679 457 1716 δρῶν·
491 1678 536 1707 acl
562 1677 673 1707 coedem
696 1676 893 1714 fiminarum
919 1674 1012 1703 etiam
1040 1676 1067 1702 et

359 1738 530 1767 puerorum
548 1728 712 1768 processit,
732 1726 813 1755 nihil
834 1726 1015 1755 existimans
1035 1733 1067 1752 se

364 1779 488 1809 crudele
502 1782 557 1808 aut
570 1782 688 1807 natum
704 1778 842 1806 humcmae
857 1775 1019 1804 adversum
1034 1774 1067 1802 in

365 1838 399 1858 eo
411 1829 534 1867 she-ere,
554 1828 691 1866 primum
710 1825 794 1865 quod
815 1826 916 1854 hostes
930 1827 1019 1853 erant
1034 1824 1067 1851 in

364 1888 441 1917 quos
462 1879 498 1907 icl
508 1879 620 1916 fiebat,
644 1876 700 1914 ᾁτ.
741 1876 839 1914 (Cap.
855 1876 905 1905 vii.
931 1875 994 1913 §2
1016 1874 1066 1902 di-

363 1928 420 1957 vis.
436 1925 595 1963 Hmlson.)

424 1982 439 1996 0
459 1975 661 2004 IIomerz'cum
678 1973 773 2012 illud]
795 1974 845 2002 Ex
865 1973 975 2002 eodem
997 1972 1065 2000 110-

364 2035 452 2055 mero
473 2026 606 2054 Severus
629 2024 661 2052 in
690 2024 862 2053 Britannos
890 2023 938 2051 his
961 2022 1066 2051 verbis

363 2086 438 2105 usus
454 2075 556 2113 (apud
572 2074 732 2112 Xiphilin.
755 2082 829 2111 pag.
844 2074 913 2102 342.
938 2072 1001 2101 Ed.
1019 2072 1062 2102 Η.

365 2125 472 2164 Steph.
508 2125 612 2154 Locus
627 2126 675 2152 est
689 2122 789 2152 Iliad.
808 2131 851 2152 v1.
867 2122 941 2160 57):

616 2172 626 2179 a

531 2173 592 2205 μηδ“
614 2182 708 2198 ovi-wa
729 2172 844 2205 γαστέρι
862 2170 950 2204 μήτηρ

434 2217 542 2250 Κοῦρον
565 2216 645 2242 ἐόντα
662 2216 751 2249 φέροι,
775 2215 836 2248 μηδ’
863 2216 892 2243 ὃς
919 2217 1003 2249 φύγοι
1023 2215 1066 2242 αἰ-

497 2261 551 2287 πὺν
571 2260 693 2293 ὄλεθρον.

437 2400 507 2434 ΙΧ.

1288 1326 1338 1344 nec
1355 1319 1401 1350 qui
1419 1319 1484 1343 latet
1500 1318 1608 1343 abditus
1624 1318 1697 1342 intra

1197 1361 1306 1385 Viscera
1321 1360 1415 1384 matris
1430 1360 1520 1384 adhuc
1539 1359 1622 1389 fugiet
1638 1357 1759 1382 crudelia
1774 1357 1837 1382 fata.

1193 1419 1209 1440 p
1233 1413 1367 1442 Romani
1381 1415 1476 1450 capta
1490 1411 1608 1450 Ilurqi]
1630 1411 1734 1449 Scipio
1746 1414 1840 1449 capta

1133 1464 1328 1493 Numantia:
1351 1462 1472 1493 Juliani
1495 1462 1612 1491 milites
1635 1461 1666 1490 in
1691 1461 1839 1490 mulieres

1133 1514 1258 1543 Daeiris
1272 1514 1409 1542 relictas.
1451 1512 1595 1541 Zosimus
1612 1520 1662 1541 111.
1678 1511 1760 1549 (cap.
1775 1511 1838 1548 15.)

1134 1564 1223 1593 Idem
1260 1563 1409 1593 Julianus
1447 1565 1541 1599 capta
1575 1561 1837 1598 Majozamalcha.

1134 1613 1208 1642 Sine
1228 1622 1320 1642 sea-us
1342 1612 1522 1641 discrimine
1542 1611 1590 1640 vel
1609 1611 1723 1646 (etatis,
1749 1610 1837 1648 quic-

1132 1662 1210 1701 quid
1233 1663 1364 1700 impetus
1386 1662 1502 1700 reperit
1519 1663 1659 1699 potestas
1682 1660 1838 1689 iratorum

1132 1712 1302 1741 ahsumsz't:
1338 1711 1383 1739 ait
1412 1711 1599 1739 Ammianus
1627 1710 1708 1738 libro
1736 1718 1836 1739 XXIV.

1133 1762 1211 1800 (cap.
1229 1762 1268 1791 iv.
1292 1771 1365 1800 pag.
1380 1761 1461 1798 436.)
1506 1760 1616 1799 [Quod
1633 1760 1671 1788 de
1688 1759 1837 1797 Scipione

1132 1811 1209 1840 dicit
1224 1812 1359 1846 Auctor,
1375 1810 1463 1839 nullo
1479 1813 1608 1838 auctore
1624 1809 1710 1838 dicit.
1749 1809 1835 1838 Con-

1132 1861 1263 1891 trarium
1281 1863 1371 1899 patet
1391 1869 1429 1889 ex
1449 1869 1486 1889 eo
1502 1860 1587 1898 quod
1603 1862 1710 1888 narrat
1726 1859 1836 1888 APPI-

1131 1920 1229 1948 Axus,
1252 1910 1337 1940 Bell.
1360 1910 1499 1947 Hispan.
1524 1918 1600 1947 pag.
1621 1911 1688 1945 311,
1709 1908 1773 1937 Ed.
1788 1908 1833 1938 H.

1133 1960 1238 1997 Steplz.
1255 1969 1293 1988 ex
1308 1958 1531 1997 superstitibus
1547 1957 1751 1986 Numantinis
1766 1956 1835 1986 Sci-

1131 2009 1258 2047 pionem
1275 2009 1510 2047 quinquaginta
1529 2010 1655 2037 tantum
1673 2007 1835 2045 triumpho

1131 2067 1280 2094 servasse,
1295 2058 1373 2087 alios
1389 2057 1574 2087 vendidisse.
1594 2058 1696 2086 Immo
1711 2056 1764 2085 alii
1778 2065 1834 2085 vo-

1130 2109 1213 2146 lunt,
1237 2108 1450 2137 Numantinos
1471 2117 1503 2136 se
1523 2107 1608 2145 ipsos
1628 2115 1737 2135 omnes
1758 2115 1834 2134 con-

1132 2167 1296 2193 cremasse,
1319 2161 1355 2186 ut
1374 2167 1414 2186 ne
1432 2166 1514 2186 unus
1537 2157 1663 2194 quidem
1685 2156 1833 2194 superfu-

1131 2208 1203 2237 erit.
1254 2207 1327 2237 Vid.
1350 2207 1510 2243 Fnomm,
1536 2206 1606 2235 Lib.
1626 2214 1666 2235 11.
1693 2214 1762 2243 cap.
1784 2205 1832 2235 18.

1130 2257 1237 2295 ibique
1253 2257 1460 2294 InterpreteS.
1495 2255 1530 2285 J.
1546 2254 1605 2292 Β.]

571 2403 589 2433 1
632 2399 687 2433 To
717 2401 846 2432 return
879 2402 917 2433 to
948 2398 1012 2432 the
1042 2399 1208 2444 subject3
1238 2399 1321 2433 how
1345 2398 1438 2432 wide
1468 2397 1541 2432 this
1571 2397 1771 2432 allowanee
1792 2397 1835 2431 of

364 2457 477 2501 doing
497 2456 603 2490 harm
631 2460 670 2490 to
699 2455 861 2490 enemies
892 2455 1057 2497 extends,
1085 2467 1171 2502 may
1190 2456 1237 2490 be
1258 2454 1486 2490 understood
1508 2454 1606 2488 from
1628 2454 1723 2495 this3
1748 2453 1831 2488 that

364 2514 429 2548 the
449 2513 640 2558 slaughter
660 2512 703 2546 of
723 2512 861 2546 infants
892 2512 966 2546 and
988 2523 1131 2547 women
1159 2514 1188 2548 is
1209 2512 1364 2547 allowed
1388 2515 1427 2546 to
1452 2511 1546 2546 have
1566 2511 1762 2557 impunity,
1791 2521 1831 2545 as

364 2570 665 2616 comprehended
690 2569 728 2603 in
759 2569 841 2603 that
865 2569 965 2614 right
995 2569 1037 2603 of
1063 2581 1147 2604 war.
1210 2570 1228 2603 I
1259 2569 1333 2603 will
1369 2573 1436 2603 not
1464 2568 1554 2602 here
1590 2568 1734 2602 adduco
1766 2567 1831 2602 the

364 2628 506 2673 slaying
527 2627 570 2661 of
594 2626 658 2661 the
686 2636 831 2660 women
851 2626 925 2659 and
946 2625 1011 2660 the
1030 2626 1128 2661 little
1149 2637 1238 2661 ones
1259 2626 1302 2660 of
1328 2625 1507 2660 Heshbon
1529 2624 1658 2667 (Deut.
1681 2625 1717 2658 ii.
1746 2623 1833 2665 34);

365 2685 438 2718 and
459 2684 557 2718 what
579 2683 667 2728 they
687 2683 752 2717 did
773 2686 811 2717 to
832 2682 897 2717 the
919 2683 1140 2718 Canaanites
1167 2683 1241 2717 and
1266 2682 1364 2717 their
1393 2683 1516 2722 allies3
1540 2682 1599 2715 for
1631 2681 1735 2715 these
1767 2691 1830 2714 are

366 2741 430 2775 the
450 2741 579 2786 doings
597 2740 639 2775 of
658 2740 753 2782 God,
773 2739 854 2774 who
874 2739 941 2774 has
962 2751 983 2774 a
1003 2751 1106 2775 moro
1123 2741 1291 2775 absolute
1307 2739 1407 2784 right
1428 2749 1514 2773 over
1530 2749 1615 2772 men
1636 2737 1727 2771 than
1744 2747 1830 2771 men

366 2797 459 2832 have
477 2809 565 2832 over
585 2797 723 2831 brutes.
787 2797 862 2831 But
883 2807 905 2830 a.
924 2808 1077 2842 passage
1098 2797 1217 2832 which
1238 2796 1464 2842 approaches
1486 2805 1588 2828 more
1608 2794 1736 2838 nearly
1752 2797 1790 2827 to
1808 2804 1830 2827 a

365 2854 565 2899 testimony
596 2854 639 2887 of
660 2853 724 2888 the
749 2864 921 2888 common
951 2865 1063 2898 usage
1094 2854 1137 2888 of
1160 2854 1318 2894 nations,
1350 2854 1379 2887 is
1410 2852 1491 2886 that
1520 2851 1559 2884 in
1584 2850 1648 2885 the
1675 2850 1829 2891 Psalms‚

366 2910 515 2944 cxxxvii.
539 2914 570 2950 9,
590 2910 729 2955 Happy
752 2910 845 2945 shall
873 2911 912 2943 hc
944 2912 979 2944 be
1010 2911 1085 2945 that
1121 2911 1234 2946 taketlz
1266 2910 1341 2943 and
1371 2908 1513 2942 dasheth
1544 2908 1604 2953 thy
1636 2908 1721 2942 little
1752 2918 1830 2942 ones

367 2966 507 3010 ayainst
528 2967 580 2999 the
600 2972 719 3000 stenes.
772 2967 821 3000 So
843 2967 993 3000 Homer.
