1971 3326
339 198 423 243 276
747 204 1217 241 TEMPERAMENTUM
1249 203 1398 238 CIROA
1621 203 1716 247 [Lm.
1736 205 1806 239 ΙΙΙ.

336 314 525 358 meliores
559 312 858 371 amplioresque
892 313 1090 361 facerent,
1126 308 1213 354 kita
1251 311 1496 362 emendavit,
1535 319 1727 369 precatus
1761 319 1809 356 ut

337 395 407 424 eas
426 385 628 437 perpetuo
650 379 871 421 incolumes
895 383 1123 420 servarent.

437 447 558 489 VIII.
618 444 931 493 Lacedaemonii,
958 449 1001 486 et
1023 443 1137 486 initio
1163 442 1451 494 Athenienses,
1477 444 1520 486 in
1544 449 1686 500 captas
1709 445 1807 487 civi-

335 516 444 554 tates
466 511 622 552 nullum
645 510 721 552 sibi
751 509 1014 552 vindicabant
1037 509 1279 565 imperium:
1311 515 1473 551 tantum
1504 524 1574 552 eas
1596 511 1807 566 republica

336 577 397 620 uti
420 577 614 635 volebant
637 576 691 617 ad
715 590 831 617 suam
854 575 1172 624 accommodata,
1203 575 1506 617 Lacedaemonii
1535 575 1700 631 quidem
1732 577 1806 618 sub

116 658 315 713 &yffi-,52-
336 643 563 699 primorum
591 642 788 698 potentia,
823 641 1097 683 Athenienses
1127 641 1201 683 sub
1231 641 1403 683 arbitrio
1435 642 1587 697 populi,
1618 647 1666 683 ut
1695 641 1808 683 Thu-

138 721 273 774 -933333ac
336 709 521 767 cydides,
554 709 770 757 Isocrates,
802 707 1103 749 Demosthenes
1134 721 1208 748 nos
1238 707 1397 757 docent,
1431 708 1518 763 ipse
1540 707 1663 749 etiam
1688 708 1808 749 Aris-

116 768 310 835 infigit—et
336 775 483 817 toteles
518 774 657 830 quarti
693 774 744 815 de
778 773 990 829 republica
1024 773 1157 829 capite
1191 788 1250 814 xi.
1298 778 1341 814 et
1387 773 1518 829 quinti
1547 787 1620 814 vu.
1687 773 1808 823 Quod

115 847 163 864 XV.

337 841 469 897 ipsum
505 840 548 881 in
589 839 786 881 comoedia
830 839 886 881 sic
931 844 1049 882 notat
1090 839 1327 881 Heniochus
1372 839 1535 881 illorum
1576 845 1808 895 temporum

338 907 540 962 scriptor:

117 870 201 900 Apud
212 871 286 895 Stob.

118 902 202 926 Scrm.
216 902 253 925 43.

627 975 765 1009 Γυναῖκε
790 973 819 1007 δ’
845 974 948 1009 αὐτὰς
973 972 1021 1007 δυ’
1049 972 1269 1019 ἐταράττετόν
1292 987 1372 1014 τινε,

625 1031 687 1065 Ἀεὶ
718 1033 898 1065 συνοῦσαι.
948 1031 1155 1076 δημοκρατία
1186 1030 1310 1076 θατέρᾳ

618 1087 741 1132 ”Ονομ’
773 1087 860 1128 ἐστὶ,
889 1089 928 1131 τῇ
961 1087 988 1121 δ’
1014 1087 1259 1133 ἀριστοκρατία
1290 1087 1426 1133 θατέρᾳ,

626 1144 676 1179 Δι’
702 1142 741 1180 ἂς·
770 1144 1055 1192 πεπαρῳνήκασιν
1085 1143 1149 1188 ἤδη
1174 1144 1353 1180 πολλάκις.

625 1226 722 1260 Tum
742 1224 899 1270 geminae
920 1225 969 1259 ad
988 1225 1069 1259 illas
1090 1228 1326 1260 accesserunt
1346 1224 1522 1259 mulieres

626 1283 717 1323 Qum
738 1285 873 1316 cuncta
893 1282 1185 1316 conturbarunt:
1220 1282 1450 1327 optimatitas

625 1340 694 1373 Est
714 1349 851 1373 nomen
871 1339 991 1380 alteri,
1012 1339 1119 1374 alteri
1140 1339 1381 1385 popularitas,

629 1396 795 1437 Quarum
816 1396 973 1431 incitatu
993 1396 1138 1442 pridem
1160 1400 1361 1430 externatae
1381 1395 1545 1430 fuerunt.

119 1489 191 1511 Ληη.
206 1486 241 1511 xi.
256 1487 294 1511 42.
338 1472 480 1515 Simile
503 1477 566 1515 est
590 1473 700 1528 quod
725 1472 894 1515 Tacitus
917 1473 971 1515 ab
997 1473 1210 1515 Artabano
1234 1479 1378 1515 narrat
1404 1471 1601 1515 Seleuciae
1625 1472 1806 1514 factum:

331 1541 496 1594 plebem
512 1541 784 1595 primoribus
808 1541 1012 1589 tradidit,
1037 1539 1181 1595 inquit,
1206 1555 1256 1582 ecc
1288 1554 1363 1581 suo
1387 1554 1470 1581 usu
1486 1555 1500 1580 .·
1535 1553 1638 1579 nam
1651 1539 1807 1593 populi

396 1660 411 1681 k
437 1661 486 1691 lta
504 1661 689 1700 emendavit]
712 1662 822 1691 Utitur
836 1662 894 1690 hac
909 1661 1040 1690 historia

338 1710 533 1740 Claudianus
555 1710 706 1740 Julianus
727 1711 837 1740 consul
858 1711 889 1739 in
905 1711 1041 1749 epistola

337 1761 382 1790 ad
395 1761 570 1799 Pupienum
590 1765 617 1790 et
631 1761 812 1790 Balbinum.
848 1760 1039 1799 (Capitolin.

336 1811 368 1839 in
390 1811 524 1840 Maxim.
545 1814 576 1840 et
592 1811 717 1840 Balbin.
739 1820 765 1840 c.
782 1810 849 1848 17.)
891 1811 1040 1839 Imitatus

337 1861 506 1898 Augustus
521 1861 574 1898 qui
586 1861 690 1889 Dione
706 1863 865 1896 narrante,
881 1860 1040 1898 ἐπῃνεῖτο

338 1910 393 1947 ἐφ’
414 1911 461 1939 οἶς
483 1911 540 1939 οὐκ
561 1910 653 1947 ἠξίου
676 1910 790 1947 ἕτερόν
812 1921 847 1938 τι
867 1908 1042 1947 προσκτή-

339 1960 472 1996 σασθαι,
500 1959 578 1989 ἀλλ’
602 1959 744 1997 ἀκριβῶς
769 1958 943 1997 ἀρκεῖσθαι
970 1962 1043 1988 τοῖς

341 2008 548 2048 ὑπάρχουσιν
563 2009 716 2038 ἐδικαίου·
740 2008 888 2037 laudatus
902 2008 1044 2046 estquod

339 2059 421 2088 nihil
434 2060 505 2088 novi
519 2059 683 2097 acquirere
697 2059 806 2095 voluit,
827 2058 882 2086 secl
894 2068 963 2096 quse
971 2058 1042 2094 jam

341 2109 533 2139 habebantur
545 2109 687 2148 sufficere
702 2111 745 2137 est
756 2108 941 2137 arbitratus.
958 2108 1042 2146 [Lib.

341 2168 419 2189 Lm.
448 2168 522 2197 pag.
540 2158 598 2189 602
621 2167 651 2188 c.
690 2157 755 2187 Ed.
783 2157 828 2187 H.
854 2158 959 2196 Steph.
989 2158 1043 2186 ubi

1104 1664 1211 1690 tamen
1233 1661 1331 1690 verba
1352 1660 1454 1699 prima
1475 1661 1568 1690 aliter
1586 1670 1653 1689 sese
1676 1661 1807 1697 habent,

1105 1711 1248 1740 Auctore
1258 1713 1366 1739 nostro
1378 1710 1560 1739 memoriter
1568 1710 1623 1738 illa
1632 1710 1806 1739 adferente.

1105 1760 1135 1790 J
1134 1781 1140 1788 .
1154 1759 1211 1798 R]

1166 1810 1178 1828 ²
1200 1810 1357 1848 Intelligit
1379 1810 1503 1839 Auctor
1522 1813 1631 1839 noster
1651 1810 1696 1839 τά
1714 1810 1807 1839 Ἀπο-

1106 1859 1359 1897 μνημονεύματα
1377 1858 1569 1886 Μουσωνίου
1584 1858 1645 1886 ‘rost
1662 1858 1806 1896 φιλοσό-

1108 1913 1183 1947 φου,
1199 1909 1317 1947 scripta
1328 1918 1347 1937 a
1361 1909 1523 1945 Pollione3
1545 1908 1584 1937 de
1599 1909 1713 1946 quibus
1730 1909 1807 1937 Sm-

1106 1968 1180 1995 DAS,
1209 1968 1286 1987 voce
1315 1958 1485 1988 Πολλίων.
1532 1958 1615 1987 Vide
1643 1958 1807 1995 JONSIUM,

1108 2009 1160 2037 De
1185 2008 1400 2046 Scriptorz'bus
1424 2008 1509 2037 Hist.
1534 2008 1658 2037 Philas.
1687 2017 1742 2038 111.
1775 2011 1805 2039 7.

1108 2058 1201 2087 Unde
1231 2062 1337 2087 autem
1362 2058 1497 2097 petitum
1525 2058 1567 2087 sit
1592 2058 1808 2097 fragmentum

1108 2107 1192 2136 illius
1209 2107 1334 2145 Operis,
1354 2108 1387 2136 in
1406 2117 1469 2145 quo
1486 2109 1582 2136 verba
1602 2109 1642 2136 ab
1663 2109 1808 2139 Auctore

1108 2160 1217 2187 nostro
1232 2158 1338 2187 adlata
1351 2160 1471 2194 extant,
1481 2166 1578 2195 quum
1593 2158 1744 2187 hactenus
1758 2158 1808 2196 ig-

414 2323 520 2358 VIII.
572 2321 652 2357 The
679 2321 1018 2363 Laccdaemonians,
1049 2321 1122 2356 aud
1153 2325 1192 2355 at
1217 2321 1299 2355 first
1325 2320 1389 2355 the
1410 2319 1627 2361 Athenians,
1648 2320 1806 2355 claimed

341 2392 390 2415 no
420 2379 610 2425 authority
640 2389 727 2413 over
753 2378 816 2412 the
845 2379 949 2413 cities
981 2378 1100 2413 which
1131 2378 1220 2426 they
1246 2377 1321 2411 had
1348 2377 1577 2422 conquered:
1607 2377 1695 2423 only
1717 2377 1807 2423 they

340 2437 515 2483 required
535 2437 638 2471 them
658 2439 697 2470 to
718 2435 811 2469 have
832 2446 854 2469 a
875 2436 1117 2470 constitution
1137 2435 1212 2470 like
1233 2435 1331 2469 their
1356 2445 1436 2468 own
1448 2446 1458 2475 3
1483 2433 1548 2468 the
1568 2434 1807 2469 Lacedaemo-

340 2495 459 2536 nians,
484 2505 533 2528 an
557 2493 790 2539 aristocracy,
811 2491 876 2527 the
898 2492 1115 2534 Atheniens,
1140 2503 1163 2527 a
1189 2492 1420 2537 democracy,
1440 2502 1479 2526 as
1503 2501 1557 2525 we
1583 2491 1688 2525 learn
1707 2491 1807 2526 from

342 2551 590 2598 Thucydides,
614 2551 807 2590 Isocrates,
838 2549 1122 2590 Demosthenes,
1154 2549 1228 2583 and
1260 2548 1450 2583 Aristotle.
1507 2547 1561 2583 Of
1591 2547 1696 2582 these
1733 2552 1806 2582 two

342 2608 553 2643 characters
583 2607 663 2641 who
686 2607 897 2652 constantly
925 2606 1118 2641 disturbed
1144 2607 1298 2647 Greece,
1318 2605 1553 2650 Aristocracy
1572 2605 1646 2639 and
1666 2605 1807 2639 Demo-

341 2676 461 2711 cracy,
479 2676 527 2699 an
547 2664 610 2699 old
632 2664 836 2705 comedian,
853 2663 1080 2705 Heniochus,
1092 2663 1235 2709 speaks,
1253 2674 1291 2697 as
1313 2673 1469 2696 women.
1509 2662 1559 2696 So
1582 2661 1806 2703 Artabanus,

341 2722 380 2756 in
414 2722 575 2763 Tacitus,
607 2720 832 2756 established
863 2731 911 2754 an
942 2720 1166 2766 aristocracy
1193 2724 1232 2754 at
1264 2719 1444 2754 Seleucia.
1501 2718 1684 2753 Whether
1715 2718 1807 2753 such

342 2778 501 2824 changes
533 2778 607 2813 add
637 2781 677 2812 to
702 2778 767 2812 the
798 2777 944 2813 victor’s
969 2778 1142 2823 secursty,
1167 2778 1197 2812 is
1222 2780 1289 2812 not
1320 2788 1342 2811 a
1373 2778 1511 2810 matter
1532 2775 1591 2810 for
1623 2786 1692 2810 our
1720 2785 1807 2810 con-

343 2835 556 2870 sideration.

415 2891 485 2925 IX.
536 2892 581 2925 In
601 2891 666 2926 the
687 2903 787 2927 cases
808 2893 846 2926 in
867 2891 986 2927 which
1003 2892 1032 2926 it
1049 2891 1078 2926 is
1096 2894 1162 2926 not
1179 2890 1258 2926 safe
1275 2894 1313 2925 to
1332 2889 1476 2924 abstain
1493 2889 1591 2923 from
1607 2888 1656 2922 all
1674 2886 1805 2921 autho-

340 2945 414 2992 rity
432 2957 519 2981 over
539 2947 603 2982 the
625 2949 848 2993 conquered,
869 2949 945 2984 still
972 2948 1036 2984 the
1057 2949 1206 2994 portion
1227 2947 1399 2983 assumed
1423 2957 1507 2991 may
1524 2945 1571 2980 be
1594 2943 1748 2984 limited,
1766 2954 1806 2978 so
