1971 3326
113 185 203 220 CAP.
223 181 311 230 III.]
453 186 703 228 GENTIUM,
733 186 822 221 UBI
852 185 920 220 DE
951 186 1270 222 INDICTIONE.
1529 179 1580 219 63

112 306 206 334 nem
230 290 380 333 dictam
411 305 499 333 esse
532 290 842 349 clarigationem
870 291 987 334 testis
1014 297 1077 334 est
1100 291 1294 333 quinius.
1367 292 1578 334 Conditio-

113 363 213 400 nata
236 362 298 400 est
325 357 580 400 denuntiatio
610 359 721 414 apud
757 358 941 401 Livium:
977 374 1070 401 eam
1092 374 1135 401 se
1159 359 1383 413 injuriam,
1409 360 1498 401 nisi
1522 361 1578 401 ab
1598 374 1656 398 Lib.
1671 373 1726 398 vm.
1738 375 1776 398 23.

114 426 224 480 ipsis
256 426 332 480 qui
347 426 539 479 fecerint
567 426 776 475 dematur,
815 427 930 480 ipsos
968 427 1084 467 omni
1113 427 1158 467 vi
1190 426 1442 480 depulsuros
1478 441 1576 475 esse,

115 497 158 533 et
180 490 293 546 apud
317 490 516 543 Tacitum,
546 493 595 533 ni
625 493 888 547 supplicium
919 493 967 533 in
1000 493 1138 534 malos
1160 499 1447 547 pree-sumant,
1477 507 1576 534 usu-
1597 503 1770 560 {mhi-Ann-

114 572 212 599 rum
235 559 486 613 promiscua
522 559 663 600 coede:
700 563 742 600 et
777 563 894 599 vetus
920 558 1007 614 ejus
1035 557 1266 614 exemplum
1299 559 1579 614 Supplicibus
1614 553 1620 559 ⁴
1665 553 1671 559 ⁸

114 623 336 680 Euripidis,
362 623 431 666 ubi
457 624 640 666 Theseus
671 623 930 666 caduceatori
961 625 1051 666 haeo
1083 625 1157 667 dat
1184 624 1379 667 mandata
1401 624 1456 667 ad
1481 625 1580 668 Cre-

114 696 253 732 ontem
278 690 519 733 Thebanum
543 691 667 744 (vers.
694 691 795 740 383,
822 694 864 732 et
887 692 1045 745 seqq.):

399 769 413 786 ¹¹
420 770 550 804 Vicina
567 769 731 804 Theseus
753 770 816 815 qui
836 773 940 804 tenet
961 770 1065 815 regni
1086 771 1174 811 sola,

400 827 567 862 Humare
590 827 709 873 poscit
729 830 918 862 mortuos:
954 827 1053 872 quod
1074 828 1103 861 si
1125 828 1246 869 datur,

401 885 459 919 Sit
479 885 607 926 amica,
628 885 741 920 faciet
761 896 851 930 gens
871 885 1114 919 Erechtidum
1135 885 1214 920 tibi.

399 942 489 977 Haec
510 942 540 977 si
559 942 777 989 probantur,
797 946 879 977 tum
899 942 998 977 refer
1018 947 1118 977 retro
1139 942 1293 988 pedem:

402 1000 469 1034 Sin
489 1011 599 1034 nemo
620 1003 737 1046 paret,
757 1000 870 1035 verba
891 1001 964 1035 sint
984 1000 1063 1035 heec
1084 1000 1222 1035 altera:

400 1058 487 1092 Jam
507 1068 592 1092 mox
613 1062 655 1092 ut
675 1069 778 1092 arma
798 1058 906 1104 pubis
927 1062 1125 1104 expectent
1145 1069 1249 1093 meae.

113 1121 308 1179 Papinius
330 1122 372 1165 in
396 1122 576 1179 ejusdem
601 1123 663 1165 rei
687 1123 922 1166 narratione
949 1125 1189 1180 (Thebaid.
1219 1138 1296 1169 XII.
1325 1127 1458 1181 598):

400 1203 477 1238 Aut
496 1202 636 1239 Danais
657 1204 761 1239 edice
781 1215 901 1249 rogos,
923 1208 988 1239 aut
1007 1204 1135 1250 praelia
1156 1204 1304 1240 Thebis.

114 1268 313 1326 Polybius
347 1269 426 1311 hoc
464 1275 585 1312 vocat
625 1266 754 1330 ῥύσια
794 1267 1154 1328 καταγγέλλειν,
1195 1271 1372 1313 Romani
1415 1274 1579 1314 veteres

112 1337 364 1379 ⁶oonclieere.
431 1336 544 1378 Pura
567 1336 824 1378 denuntiatio
858 1344 920 1378 est
944 1351 1036 1392 qnae
1060 1337 1293 1393 specialiter
1316 1337 1482 1381 indictio
1506 1345 1580 1380 aut

111 1402 301 1452 edictum,
338 1402 409 1444 ubi
445 1408 517 1445 aut
553 1403 704 1444 bellum
735 1403 823 1458 jam
860 1402 967 1445 alter
994 1402 1134 1446 intulit
1169 1405 1228 1459 (et
1261 1404 1339 1447 hoc
1371 1411 1434 1447 est
1469 1405 1579 1461 quod

109 1468 220 1524 apud
245 1468 448 1511 Isidorum
472 1468 620 1511 dicitur
644 1468 796 1511 bellum
821 1469 1192 1525 propulsandorum
1211 1471 1421 1513 hominum
1440 1473 1578 1526 causa)
1601 1490 1760 1523 orffflvm.
1775 1491 1796 1514 1.

110 1537 206 1577 saut
229 1549 278 1577 ea
301 1535 474 1591 deliquit
497 1535 584 1593 ipse
607 1550 700 1594 quae
724 1550 886 1592 poenam
911 1541 1134 1578 merentur.

107 1643 201 1682 (vers.
212 1645 260 1674 53.
276 1643 347 1674 Lib.
357 1653 404 1674 1x.
419 1645 466 1674 14.
480 1644 550 1674 Lib.
563 1644 612 1682 x.)
878 1645 942 1682 dis3
964 1645 1093 1675 minime
1107 1648 1213 1675 autem
1228 1646 1260 1674 in
1276 1646 1493 1675 denuntiando
1506 1647 1576 1676 bel-

166 1700 178 1716 f
203 1694 313 1724 Vicina
326 1695 458 1724 Theseus
469 1695 524 1733 qui
537 1698 614 1724 tenet
628 1695 716 1734 requi
725 1694 808 1734 sola]
877 1695 918 1724 10.
957 1695 1018 1724 Sed
1034 1695 1093 1724 hoe
1107 1696 1221 1724 falsum
1238 1705 1314 1732 esse,
1330 1696 1525 1725 ostendimus
1539 1697 1572 1725 in

109 1744 224 1774 Similis
239 1745 436 1774 denuntiatio
456 1749 504 1775 est
525 1746 557 1774 in
578 1746 809 1784 Batrachomj-
877 1744 964 1773 Nota
991 1747 1100 1773 nostra
1129 1745 1254 1774 Gallica
1281 1745 1321 1774 ad
1349 1745 1433 1774 hunc
1460 1745 1575 1775 locum.

105 1795 260 1831 omaclzia,
277 1795 374 1834 (vers.
394 1796 461 1832 135,
476 1799 503 1825 et
517 1795 623 1834 seqq.)
640 1799 672 1824 et
687 1796 718 1824 in
734 1795 809 1824 Am·
877 1794 955 1823 Post
970 1803 1063 1832 quam
1079 1795 1228 1832 scriptam
1243 1795 1308 1824 laeti
1323 1795 1506 1824 videbamus
1521 1805 1578 1824 no-

105 1845 274 1882 plzitruone
294 1845 402 1874 Plauti
424 1845 526 1874 initio.
568 1845 658 1881 (Act.
674 1854 696 1874 1.
720 1846 769 1873 Sc.
786 1844 806 1875 i.
876 1844 996 1872 biscum
1011 1844 1179 1873 facientem
1192 1845 1304 1874 Virum
1321 1845 1577 1883 eruditissimum,

110 1903 187 1924 vers.
197 1895 261 1932 50.)
296 1894 381 1924 Vide
396 1898 427 1924 et
441 1895 638 1930 Cromerum,
654 1894 810 1925 Lib.xs:1.
877 1893 1043 1922 JOANNEM
1060 1894 1228 1931 JENSHJM,
1246 1895 1278 1922 in
1293 1895 1525 1924 Dissertatione
1540 1896 1578 1925 de

168 1942 182 1960 ⁶
203 1944 273 1972 Hoc
287 1944 376 1983 lonqe
389 1953 410 1972 α
421 1953 493 1972 vero
505 1944 728 1972 alienissimum
739 1944 808 1982 opi-
876 1942 1055 1972 Fecialibas
1069 1944 1190 1981 Populi
1203 1945 1349 1980 Romani,
1373 1954 1442 1983 cap.
1459 1946 1486 1976 6.
1507 1955 1578 1984 quae

108 1992 244 2021 nabatur
262 1993 297 2022 V.
311 1992 346 2022 C.
359 1991 436 2022 JAC.
450 1993 671 2030 Gnonovms,
685 1994 717 2022 in
731 1994 807 2024 Not.
876 2003 950 2032 pars
974 1997 1022 2022 est
1049 1994 1179 2024 Ferenti
1205 1995 1353 2032 literariz',
1382 2006 1464 2025 anno
1488 1998 1577 2028 1717.

107 2042 147 2070 ad
164 2042 230 2070 Liv.
248 2050 271 2071 1.
287 2044 336 2071 32.
352 2043 410 2071 hac
425 2043 584 2081 praecipue
599 2044 721 2072 ratione
737 2043 806 2072 nix·
875 2044 1042 2082 propositi.
1085 2045 1121 2074 J.
1139 2046 1182 2075 B.

106 2101 154 2127 uS,
183 2092 269 2130 quod
296 2092 401 2121 Patris
430 2092 553 2122 Patrati
583 2093 683 2122 omnis
711 2103 808 2131 opera
934 2100 945 2115 ὃ
966 2094 1029 2123 Aut
1051 2104 1090 2124 ea
1114 2095 1245 2133 deliquit
1270 2096 1335 2134 ipse
1360 2107 1430 2135 quae
1450 2108 1576 2135 poemzm

107 2151 246 2180 ususque
261 2142 459 2171 solummodo
473 2142 570 2171 fuerit
583 2142 615 2171 in
625 2142 807 2181 jurejuran-
874 2143 1045 2182 merentur]
1070 2145 1259 2183 Exemplum
1281 2146 1351 2176 vide
1372 2148 1458 2186 apud
1480 2148 1575 2178 Bem-

109 2191 150 2220 do
163 2192 319 2230 patrando
335 2194 367 2222 et
381 2192 509 2221 foederis
529 2192 654 2230 legibus
669 2192 805 2221 recitan-
875 2193 950 2222 bum
964 2194 1046 2222 libro
1063 2202 1123 2223 vn.

108 2334 270 2369 formula
301 2335 491 2381 requiring
525 2336 608 2371 that
639 2335 704 2371 the
737 2336 861 2382 things
894 2338 942 2372 be
977 2339 1140 2379 restored,
1172 2338 1336 2385 satisfied,
1369 2338 1472 2384 yiven
1501 2351 1573 2385 up.-

109 2391 233 2427 where
267 2393 370 2438 yiven
402 2405 464 2438 up,
496 2404 536 2427 as
566 2404 620 2428 we
652 2393 747 2428 have
780 2394 979 2430 elsewhere
1009 2395 1216 2441 explained,
1241 2396 1272 2430 is
1302 2399 1342 2430 to
1366 2395 1414 2430 be
1439 2396 1577 2430 under-

110 2449 218 2485 stood
248 2449 330 2483 that
357 2449 422 2484 the
453 2461 605 2495 persons
633 2451 852 2485 summoned
878 2463 963 2498 may
987 2452 1035 2487 be
1060 2452 1215 2487 allowed
1243 2456 1282 2487 to
1308 2452 1434 2498 prefer
1454 2452 1576 2487 them-

110 2506 227 2541 selves
247 2506 447 2551 punishing
466 2506 530 2541 the
551 2507 671 2552 guilty
689 2518 836 2553 person.
888 2509 977 2543 This
996 2509 1158 2544 demand
1179 2520 1252 2543 was
1273 2509 1392 2543 called
1417 2509 1575 2554 clariya-

113 2563 197 2604 tion,
223 2574 262 2596 as
283 2563 393 2607 Pliny
413 2563 577 2597 testifies.
637 2564 706 2598 We
730 2564 823 2599 have
844 2566 883 2599 in
901 2566 995 2611 Livy
1016 2578 1038 2600 a
1068 2566 1297 2601 conditional
1322 2565 1572 2599 declaration:

112 2619 195 2654 that
215 2620 282 2654 this
302 2619 436 2666 injury,
456 2626 572 2665 except
600 2620 628 2654 it
652 2633 739 2655 were
769 2624 943 2657 remedieol
970 2625 1012 2668 by
1034 2624 1125 2658 those
1145 2624 1220 2657 wlzo
1241 2623 1315 2656 had
1334 2623 1420 2656 done
1440 2623 1479 2663 it,
1500 2623 1576 2668 they

113 2677 304 2711 themselves
323 2677 443 2711 would
461 2677 555 2722 repel
567 2690 578 2710 .-
609 2677 682 2711 and
703 2679 742 2712 in
764 2679 925 2720 Tacitus,
944 2686 1060 2725 except
1081 2682 1157 2725 they
1177 2686 1277 2713 eoeact
1290 2679 1520 2724 punishment
1536 2681 1585 2724 of

112 2735 166 2769 the
199 2734 378 2779 offenders,
410 2735 449 2768 he
479 2734 599 2768 would
629 2735 729 2769 make
755 2748 779 2769 α
805 2737 1052 2781 pronziscuous
1081 2737 1271 2781 slauyliter.
1323 2736 1408 2770 And
1441 2736 1480 2770 in
1511 2736 1576 2771 the

111 2803 213 2827 same
241 2803 322 2837 way
350 2792 389 2826 iu
412 2791 477 2826 the
503 2791 687 2837 Supplices
714 2792 756 2826 of
778 2793 999 2838 Euripides3
1025 2793 1099 2827 and
1130 2793 1271 2828 Statius
1299 2793 1338 2827 in
1360 2792 1417 2828 his
1447 2804 1575 2827 narra-

112 2849 192 2883 tion
213 2848 255 2883 of
272 2849 336 2883 the
356 2860 457 2883 same
478 2854 615 2883 matter
634 2850 673 2883 in
693 2849 757 2884 the
781 2850 937 2884 Thebais.
998 2850 1176 2896 Polybius
1199 2850 1287 2885 calls
1307 2849 1381 2885 this
1407 2851 1576 2885 demand-

111 2906 173 2951 iny
191 2906 412 2953 satisfaction
423 2919 436 2946 ;
469 2906 533 2941 the
555 2906 615 2941 old
637 2907 814 2948 Romans,
833 2907 1020 2943 condicere.

182 2963 215 2998 A
234 2974 328 3009 pure
350 2963 577 3000 declaration
597 2964 627 2999 is
649 2963 746 2999 what
763 2964 792 2999 is
814 2964 1013 3011 especially
1033 2964 1153 3000 called
1173 2965 1330 3000 indictio.
