1971 3326
163 161 255 197 cip.
275 159 400 205 XIV]
461 162 932 199 TEMPERAMENTUM
965 134 1118 199 ciRcA
1149 162 1353 200 cAPTos.
1553 160 1637 203 257

162 284 303 328 agere,
329 285 377 313 eo
402 271 512 327 quod
529 271 619 328 jam
643 270 818 314 diximus
841 277 1100 329 argumento,
1126 272 1238 328 quod
1262 277 1304 315 et
1327 272 1406 330 ipsi
1427 272 1635 316 dominum

162 335 205 377 in
229 337 328 378 coelo
351 337 546 386 habeant,
571 337 642 393 qui
665 337 720 380 ad
744 337 842 379 talia
866 338 1111 393 qualitatum
1139 338 1373 380 discrimina
1396 353 1478 380 non
1501 344 1636 381 atten-

162 402 248 444 dat.
307 404 357 444 In
381 402 736 445 constitutionibus
759 418 852 458 quae
878 403 1079 446 Clementi
1103 405 1290 446 Romano
1314 404 1482 447 asscribi
1503 405 1636 448 solent

161 467 329 525 legitur,
361 466 436 512 οὐκ
471 466 692 526 ἐπιτάξεις
722 464 862 527 δούλῳ
893 488 985 519 σου,
1013 467 1037 522 ἢ
1062 465 1262 533 παιδίσκῃ
1287 469 1357 515 ⁰6⁸1}
1380 471 1521 531 πικρίᾳ
1548 473 1634 529 ψυ-

162 537 258 594 χῆς,
284 549 386 577 cave
409 550 528 577 servo
549 544 627 577 aut
651 536 824 577 ancillce
847 537 1029 590 imperes
1052 538 1203 578 acerbo
1228 539 1386 579 animo.
1445 537 1634 579 Clemens

162 600 468 642 Alexandrinus
491 601 621 643 servis
643 615 716 642 nos
739 600 800 642 uti
824 600 912 642 vult
935 607 1131 658 tanquam
1155 602 1296 644 alteris
1316 602 1445 652 nobis,
1469 604 1632 657 quando

163 665 350 707 homines
373 671 469 708 sunt
492 681 574 708 non
603 666 737 707 minus
769 680 892 721 quam
924 681 1010 717 nos,
1040 673 1203 709 secutus
1232 668 1427 724 sapientis
1461 668 1633 711 Hebraei

165 731 345 774 dictum:
391 733 427 775 εὶ
468 729 570 776 ἐστι’
604 751 673 775 σοι
710 727 892 783 οἰκέτης,
929 728 1018 790 ἄγε
1054 730 1190 776 αὐτὸν
1226 731 1274 780 ais
1310 729 1523 794 ἀδελφὸν,
1556 732 1627 778 ὅτι

164 794 218 843 ὦς
255 796 280 850 ἡ
315 794 446 858 ψυχή
481 812 578 841 σου·
609 799 649 840 si
685 812 854 840 servum
890 799 1063 849 habeas,
1096 807 1144 840 ut
1166 800 1322 854 fratre
1359 808 1488 849 utere,
1523 802 1629 843 talis

165 864 278 905 enim
301 872 362 906 est
386 864 532 919 qualis
556 872 615 905 tu.

264 929 344 971 111.
415 930 493 971 Jus
524 943 625 986 ergo
656 928 753 972 vitae
783 933 825 971 et
856 929 966 971 necis
989 929 1100 985 quod
1124 929 1274 972 dicitur
1297 929 1340 972 in
1364 945 1528 973 servum
1553 931 1629 974 do-

163 993 272 1036 mino
296 999 481 1051 praestat,
506 1000 553 1036 ut
585 995 849 1037 domesticam
877 995 1031 1037 habeat
1049 994 1391 1050 jurisdictionem,
1415 997 1488 1039 sed
1512 997 1630 1039 nimi-

161 1074 255 1101 rum
279 1061 423 1102 eadem
446 1059 646 1117 religione
670 1061 954 1109 exercendam,
978 1074 1061 1116 qua
1082 1061 1246 1117 publica
1269 1068 1501 1105 exercetur.
1537 1064 1630 1105 Hoc

162 1124 293 1167 voluit
315 1126 484 1174 Seneca,
505 1140 596 1167 cum
620 1125 748 1168 dixit:
775 1128 824 1168 in
842 1127 1063 1182 mancipio
1085 1129 1366 1182 coyitamlam
1384 1143 1472 1170 non
1493 1144 1629 1184 qaan-

163 1199 252 1233 tum
288 1192 407 1233 illucl
440 1193 617 1247 impune
640 1194 746 1247 pati
771 1193 926 1247 possit,
950 1193 1025 1234 secl
1053 1201 1263 1247 quantam
1292 1195 1374 1235 tibi
1396 1196 1629 1248 permittat

161 1258 280 1312 cequi
304 1259 485 1313 bonique
508 1266 686 1307 natm-a,
712 1273 810 1311 quce
832 1272 1018 1312 parcere
1044 1260 1177 1300 etiam
1208 1260 1397 1314 captivis
1421 1267 1460 1301 et
1481 1261 1628 1316 pretio

153 1325 339 1378 paratis
365 1324 517 1378 jubet.-
553 1322 623 1378 qui
660 1328 702 1365 et
738 1323 847 1372 alibi,
884 1325 997 1378 quid
1031 1325 1218 1375 interest,
1255 1324 1325 1374 ait,
1363 1326 1493 1380 quali
1527 1327 1628 1381 quis

163 1396 361 1431 teneatur
384 1390 579 1444 imperio,
605 1391 645 1431 si
667 1404 833 1431 summo
859 1389 1064 1431 tenetur?
1086 1403 1167 1444 quo
1190 1389 1278 1431 loco
1300 1396 1513 1446 comparat
1535 1391 1630 1433 sub-

162 1454 294 1496 ditum
324 1469 459 1505 servo,
490 1459 533 1496 et
563 1454 621 1496 ait
653 1454 809 1511 dispari
837 1454 956 1496 titulo
987 1454 1106 1509 paria
1138 1454 1180 1496 in
1216 1455 1305 1497 illos
1332 1455 1482 1498 licere:
1518 1456 1629 1512 quod

161 1526 273 1562 certe
294 1519 336 1561 in
360 1518 438 1562 hac
459 1524 580 1576 parte
604 1519 701 1562 vitae
726 1519 968 1569 adimendae,
992 1525 1034 1561 et
1058 1519 1091 1561 si
1113 1520 1212 1574 quid
1236 1535 1284 1561 eo
1306 1521 1474 1571 accedit,
1501 1522 1630 1564 veris-

160 1585 307 1628 simum
329 1590 403 1627 est.
474 1585 669 1640 BIajores
699 1588 849 1634 nostri,
881 1585 940 1627 ait
971 1585 1079 1627 idem
1115 1581 1315 1638 dSeneca,
1341 1588 1513 1628 domum
1536 1602 1628 1629 nos-

161 1659 278 1693 tram
312 1652 529 1707 pusillam
565 1652 878 1708 rempublicam
914 1666 1000 1693 esse
1025 1652 1317 1705 judicamnm
1363 1657 1404 1693 ct
1445 1652 1629 1695 Plinius:

160 1767 243 1796 stola
253 1766 408 1796 Barnabae
418 1769 484 1796 est:
503 1767 538 1795 οὐ
552 1767 596 1804 μή
607 1765 769 1804 ἑπιτάξης
783 1777 863 1794 παι-
932 1765 965 1794 in
983 1765 1142 1795 Christum
1163 1766 1370 1804 sperantibus,
1390 1777 1427 1797 ue
1445 1777 1478 1796 eo
1498 1768 1566 1806 ipso
1584 1778 1634 1797 os-

160 1817 257 1854 ὃίσκῃ
280 1816 297 1851 ἢ
313 1815 419 1854 δούλῳ
433 1827 493 1845 σου
512 1816 546 1844 ἐν
563 1815 693 1853 πικρίᾳ,
715 1819 789 1844 τοῖς
807 1815 863 1844 ἐπὶ
930 1815 1041 1844 tendas
1064 1824 1123 1844 non
1147 1816 1252 1845 timere
1274 1819 1301 1845 te
1325 1825 1509 1846 communem
1528 1817 1586 1847 tibi
1606 1821 1635 1846 et

160 1866 222 1894 ’τὸν
245 1865 347 1894 αὐτὸν
369 1864 556 1902 ἐλπίζουσι,
583 1863 716 1901 μήποτε
738 1865 773 1893 οὐ
797 1868 860 1901 φο-
930 1865 993 1902 ipsi
1006 1864 1187 1894 Dominum.
1230 1866 1330 1904 (Cap.
1347 1866 1415 1902 19.)

161 1913 288 1953 βηθήση
307 1914 368 1943 τὸν
388 1913 440 1942 ἐπ’
456 1912 659 1952 ἀμφοτέροις
680 1913 772 1942 Θεόν.
795 1914 861 1942 noli
988 1913 1003 1934 ²¹
1025 1913 1158 1952 Seneca]
1184 1914 1330 1953 Epistola
1344 1923 1452 1945 XLVII.

161 1963 270 1993 acerbe
291 1963 446 2001 imperare
466 1971 554 1991 servo
576 1964 633 1991 aut
653 1962 778 1992 ancilloe
799 1965 860 1992 ταας

163 2111 283 2147 Colos.
304 2112 351 2146 iv.
374 2115 406 2146 1.
458 2110 543 2146 And
560 2111 769 2153 elsewhere,
790 2112 887 2158 Eph.
904 2113 949 2148 vi.
971 2117 1003 2155 9,
1019 2113 1067 2149 he
1085 2114 1221 2149 directs
1239 2118 1394 2150 masters
1412 2118 1451 2150 to
1469 2114 1517 2150 do
1533 2115 1633 2160 good

163 2172 203 2203 to
223 2168 322 2203 their
348 2168 477 2209 slaves,
497 2168 713 2213 forbearing
733 2168 981 2216 threatening‚
1007 2181 1056 2205 on
1076 2171 1141 2206 the
1159 2183 1260 2207 same
1281 2171 1438 2217 ground,
1458 2172 1633 2217 knowing

161 2225 246 2259 that
257 2225 356 2260 their
367 2225 508 2260 Master
520 2225 597 2260 also
612 2225 641 2259 is
653 2225 691 2258 in
702 2225 855 2267 heaven,
866 2227 948 2261 who
962 2227 1050 2262 does
1063 2232 1129 2263 not
1143 2229 1277 2274 regard
1288 2228 1379 2263 such
1396 2228 1627 2264 differences.

161 2282 208 2316 In
237 2281 302 2316 the
335 2281 568 2316 Clementine
598 2281 870 2317 Constitutions
899 2294 952 2318 we
977 2283 1073 2319 have
1104 2285 1169 2319 the
1201 2296 1314 2320 same.
1379 2285 1429 2319 So
1460 2285 1631 2320 Clemens

164 2338 437 2373 Alexandrinus
457 2338 539 2373 bids
556 2349 599 2373 us
617 2349 683 2373 use
704 2349 773 2373 our
788 2339 905 2374 slaves
922 2351 962 2375 as
984 2352 1053 2375 our
1069 2341 1177 2376 other
1194 2342 1323 2383 selves,
1344 2341 1444 2376 since
1460 2341 1550 2387 they
1566 2352 1630 2375 are

160 2405 249 2429 men
268 2406 318 2430 no
338 2395 411 2430 less
428 2394 520 2429 than
540 2406 617 2436 we3
647 2395 837 2440 following
853 2395 918 2431 the
936 2397 1065 2443 saying
1082 2398 1125 2432 of
1140 2398 1204 2433 the
1222 2398 1382 2433 Hebrew
1401 2399 1488 2432 wise
1508 2408 1607 2431 men.

232 2451 301 2485 ΙΙΙ.
343 2451 424 2486 The
440 2451 541 2497 right
558 2451 600 2486 of
613 2452 678 2486 life
695 2452 769 2485 and
787 2452 900 2486 death
917 2463 1005 2488 over
1021 2465 1043 2488 a
1059 2455 1169 2495 slave,
1185 2455 1287 2494 then,
1297 2455 1397 2499 gives
1411 2453 1475 2487 the
1492 2456 1631 2488 master

161 2517 184 2541 a
204 2506 384 2542 domestic
399 2508 658 2552 jurisdiction3
678 2507 810 2550 which,
829 2508 1014 2549 however,
1037 2511 1067 2545 is
1097 2515 1136 2545 to
1164 2511 1212 2545 be
1240 2510 1428 2545 exercised
1454 2509 1543 2544 with
1565 2509 1630 2544 the

161 2573 263 2598 same
289 2563 423 2608 regard
449 2567 488 2598 to
515 2565 741 2604 conscience,
768 2575 807 2599 as
835 2576 857 2599 a
887 2566 1013 2611 public
1037 2567 1284 2612 jurisdiction.
1338 2567 1388 2600 So
1416 2566 1568 2606 Seneca,
1589 2576 1629 2600 as

160 2618 312 2660 before3
342 2619 416 2653 and
436 2620 556 2664 again,
576 2620 624 2655 he
651 2631 843 2666 compares
871 2632 893 2655 a
918 2622 1018 2657 slave
1043 2627 1082 2657 to
1112 2634 1134 2657 a
1154 2623 1308 2668 subject,
1328 2622 1403 2656 and
1423 2633 1504 2667 says
1535 2621 1627 2662 that,

160 2675 305 2720 though
326 2675 377 2721 by
398 2686 421 2709 a
449 2675 623 2710 different
650 2677 745 2717 title,
772 2677 836 2712 the
862 2688 965 2713 same
996 2679 1121 2724 things
1150 2679 1239 2724 only
1263 2689 1327 2712 are
1349 2678 1475 2712 lawful
1504 2678 1544 2711 in
1563 2677 1629 2713 the

160 2743 232 2767 one
253 2743 336 2766 case
357 2742 396 2766 as
418 2732 454 2765 in
476 2732 540 2766 the
562 2732 693 2774 other3
723 2732 844 2768 which
864 2734 893 2768 is
915 2735 1114 2780 especially
1134 2739 1218 2769 true
1238 2734 1326 2768 with
1346 2734 1481 2779 rcgard
1497 2737 1536 2768 to
1554 2733 1628 2769 this

158 2788 259 2834 right
279 2788 323 2822 of
339 2788 468 2833 taking
488 2800 591 2834 away
610 2789 685 2830 life,
706 2789 779 2823 and
801 2789 898 2824 what
926 2791 1154 2835 approaches
1176 2794 1215 2824 to
1243 2791 1284 2825 it.
1339 2791 1418 2824 Our
1443 2797 1628 2832 ancestors‚

158 2855 241 2891 says
273 2845 426 2886 Seneca,
449 2846 624 2890 reyarded
652 2857 676 2880 a
705 2847 806 2880 house
830 2858 870 2880 as
892 2857 915 2880 a
938 2847 1045 2880 small
1074 2847 1255 2892 republic:
1281 2857 1321 2882 so
1348 2847 1470 2894 Pliny.
1533 2848 1626 2882 Cato

157 2901 222 2943 the
244 2901 395 2943 Censor,
415 2901 449 2936 if
470 2912 544 2948 any
570 2902 669 2938 slave
695 2913 767 2938 was
792 2902 978 2949 supposed
1003 2906 1042 2939 to
1069 2903 1164 2939 have
1193 2903 1411 2939 committed
1437 2915 1460 2938 a
1490 2904 1628 2951 capital

1437 2968 1492 3014 17

293 2996 448 3053 [GROT.
470 2998 553 3056 111.]

1654 420 1711 445 Lib.
1726 421 1770 446 vii.
1783 422 1819 446 13.

1654 618 1761 648 Pcedaq.
1772 617 1807 642 iii.
1819 618 1854 641 12.

1651 655 1676 678 p.
1689 649 1743 676 307.

1649 1138 1680 1162 L.
1696 1138 1715 1161 1.
1729 1139 1761 1162 (le
1771 1138 1849 1162 Clem.

1648 1175 1670 1193 c.
1686 1168 1723 1192 18.

1648 1332 1707 1358 Lib.
1721 1333 1757 1357 iii.
1771 1334 1804 1358 de

1649 1365 1715 1389 Ben.
1728 1371 1750 1388 c.
1765 1365 1801 1388 18.

1651 1657 1708 1681 Lib.
1724 1658 1778 1681 viii.

1652 1688 1742 1718 Epist.
1757 1689 1792 1712 16.
