1971 3326
340 191 424 231 202
697 196 1056 233 TEMPERAMEN
1060 198 1171 233 TUM
1201 197 1353 234 CIROA
1380 200 1406 235 J
1407 201 1472 236 US
1633 200 1729 246 [Lm.
1745 202 1815 238 ΙΙΙ.

336 309 474 364 Eryo,
506 309 547 351 si
568 309 636 351 ita
650 318 816 365 proeter
839 310 900 361 id,
925 310 1040 365 quod
1068 311 1310 364 eoespectari
1325 311 1484 365 potuit,
1514 313 1719 355 damnum
1743 314 1813 356 de-

339 382 423 424 tur,
448 375 533 417 erit
555 376 857 431 infortunium.
906 376 980 423 At,
1005 375 1045 416 si
1065 375 1145 424 ita,
1170 383 1219 416 ut
1238 378 1481 431 exspectari
1504 392 1557 420 ac
1571 381 1813 434 praevideri

336 442 486 497 aliquo
518 443 642 484 modo
666 442 873 496 potuerit,
910 442 986 482 sed
1015 455 1099 482 non
1133 442 1327 496 improbo
1365 443 1524 493 animo,
1564 445 1695 500 culpa
1727 447 1812 488 erit

336 507 493 562 aliqua
509 522 523 548 .·
557 522 661 548 nam
684 507 822 562 culpae
840 508 982 562 affinis
1005 515 1078 556 est,
1112 508 1188 563 qui
1211 509 1259 549 in
1279 523 1322 550 se
1352 509 1480 551 habet
1502 511 1662 564 ayendi
1683 513 1811 566 prin-

336 574 523 627 cipium:
538 574 615 627 qui
632 587 730 615 vcro
745 581 881 622 extra,
897 573 1064 628 infelix.
1096 574 1170 623 At,
1187 576 1350 630 quoties
1368 576 1465 630 quis
1478 577 1539 625 id,
1559 578 1672 632 quod
1671 578 1808 632 facit,

334 639 472 680 sciens
483 639 620 694 facit,
650 653 734 681 non
759 647 901 681 tamen
922 640 1170 689 deliberato,
1188 642 1425 695 fatendum
1446 649 1507 684 est
1529 644 1676 685 adesse
1698 643 1810 697 inju-

334 705 451 745 riam
462 719 476 746 .·
496 713 549 746 ut
565 720 658 760 quoe
663 707 819 760 facere
836 707 1025 748 homines
1041 707 1175 748 solent
1185 721 1267 762 per
1285 708 1568 750 iracundiam
1586 717 1625 751 et
1633 716 1810 764 pertur-

334 771 526 814 bationes
541 771 705 814 similes
727 780 807 813 aut
825 773 1052 814 naturales
1075 781 1155 814 aut
1177 775 1444 816 necessarias
1459 790 1473 816 .·
1495 789 1610 825 nam,
1636 777 1713 831 qui
1736 777 1810 817 ira

333 839 532 879 commoti
568 838 730 880 loedunt
764 846 804 880 et
838 840 1013 893 culpam
1048 840 1303 891 admittunt,
1338 841 1392 882 ab
1423 841 1594 895 injuria
1621 856 1706 884 non
1734 856 1810 884 va-

333 911 436 944 cant
452 919 465 944 .·
495 918 627 960 neque
649 912 791 946 tamen
813 905 967 959 injusti
990 913 1068 946 aut
1091 906 1279 960 improbi
1301 907 1536 948 dicuntur:
1561 915 1623 957 at,
1648 909 1689 950 si
1711 909 1810 963 quis

331 969 446 1011 idem
478 971 668 1012 consulto
702 971 924 1020 admittat,
952 972 993 1013 is
1026 985 1124 1012 vero
1155 972 1374 1026 improbus
1408 980 1448 1014 et
1482 973 1669 1027 injustus
1698 981 1809 1016 recte

331 1037 642 1078 nominabitur.

432 1103 460 1143 3
506 1103 670 1144 flfferito
693 1104 845 1158 iqitur,
878 1118 972 1159 quoe
988 1117 1069 1158 per
1100 1105 1218 1145 iram
1240 1105 1369 1157 fiunt,
1402 1113 1624 1148 censentur
1646 1120 1731 1148 non
1758 1121 1809 1149 ex

322 1169 501 1224 proviso
516 1169 620 1222 fieri
635 1184 649 1210 :
680 1184 764 1211 non
788 1171 898 1212 enim
923 1170 1082 1225 incipit
1105 1171 1157 1219 is,
1183 1172 1260 1226 qui
1283 1185 1333 1212 cx
1355 1172 1431 1212 ira
1454 1173 1561 1225 quid
1570 1173 1708 1228 facit,
1733 1174 1809 1215 sed

328 1235 370 1278 is
405 1236 483 1290 qui
516 1236 633 1276 iram
667 1237 949 1294 provocavit:
984 1244 1113 1292 atque
1148 1250 1193 1278 eo
1219 1238 1287 1290 fit,
1323 1245 1372 1279 ut
1405 1252 1515 1293 saepe
1545 1240 1593 1280 in
1617 1239 1808 1293 judiciis

328 1315 474 1343 rerum
507 1302 714 1355 ejusmodi
736 1317 820 1344 non
841 1303 979 1357 facti,
1014 1303 1088 1344 sed
1125 1303 1319 1357 lesyitima
1344 1305 1432 1358 fiat
1467 1306 1675 1360 quaestio:
1706 1320 1807 1348 nas-

329 1368 446 1409 citur
475 1369 588 1410 enim
610 1370 686 1410 ira
708 1384 759 1411 ex
782 1384 840 1419 eo,
877 1370 988 1424 quod
1018 1370 1116 1424 quis
1137 1369 1343 1424 injuriose
1364 1372 1544 1425 factum
1568 1372 1804 1413 emistimat.

328 1435 432 1476 Non
466 1449 564 1490 erqo
598 1436 711 1477 sicut
745 1437 793 1478 in
828 1437 1130 1485 contractibus,
1167 1450 1226 1477 an
1254 1437 1331 1478 hoc
1347 1438 1529 1491 factum
1558 1440 1629 1489 sit,
1656 1439 1806 1493 dispu-

327 1505 454 1542 tant:
488 1502 553 1543 ibi
576 1503 701 1552 enim,
733 1503 822 1545 nisi
845 1517 939 1558 quae
961 1503 1248 1545 intercesserit
1271 1504 1439 1553 oblivio,
1465 1506 1634 1546 omnino
1659 1505 1804 1546 altera

321 1568 523 1621 partium
551 1569 752 1624 improba
775 1577 848 1619 est,
885 1584 980 1624 quce
1002 1569 1135 1622 fldem
1163 1583 1247 1610 non
1270 1570 1448 1624 implet.-
1485 1572 1574 1619 sed,
1600 1585 1660 1612 an
1685 1571 1803 1625 juste

312 1634 491 1688 factum
513 1636 584 1684 sit,
618 1637 730 1688 quod
750 1636 930 1690 factum
953 1643 1025 1684 est,
1057 1636 1228 1691 emquiri
1250 1636 1407 1678 volunt.
1478 1638 1541 1678 Ac
1572 1639 1648 1692 qui
1671 1638 1803 1693 prior

324 1702 487 1742 struxit
510 1702 715 1750 insidias,
743 1703 858 1743 nihil
879 1704 1088 1757 iynorans
1106 1703 1248 1756 fecit:
1284 1716 1420 1756 quare
1449 1717 1533 1744 non
1563 1704 1728 1745 mirum
1762 1705 1802 1745 si

324 1767 438 1808 alter
474 1769 560 1809 sibi
595 1769 812 1822 injuriam
839 1770 1019 1824 factam
1058 1776 1203 1821 putat,
1246 1768 1358 1810 alter
1390 1783 1475 1810 non
1512 1771 1803 1824 putat...Est

326 1840 469 1874 tamen
492 1842 540 1875 ut
563 1843 603 1876 et
624 1835 701 1890 qui
725 1836 809 1876 tali
830 1850 879 1877 ea*
907 1849 1043 1876 causa
1069 1834 1201 1882 laedit,
1230 1834 1416 1887 injustus
1445 1837 1607 1878 censeri
1634 1838 1799 1887 debeat,

323 1899 365 1940 si
383 1913 529 1954 nempe
553 1901 823 1953 (equalitatis
841 1909 919 1942 aut
935 1901 1236 1956 proportionis
1257 1915 1455 1942 normam
1473 1903 1660 1955 excedat,
1686 1904 1800 1958 quod

324 1966 560 2019 reponitur.
619 1966 694 2006 Sic
703 1966 851 2019 justus
874 1974 947 2014 est,
983 1967 1058 2021 qui
1081 1967 1317 2008 deliberato
1339 1967 1457 2021 juste
1480 1969 1576 2022 aqit
1591 1982 1605 2008 :
1633 1970 1800 2022 alioqui

314 2030 429 2084 juste
452 2045 578 2086 affere
595 2039 735 2087 potest
758 2033 923 2087 aliquis
945 2040 1091 2087 sponte
1116 2040 1297 2081 temtum,
1322 2048 1406 2075 non
1430 2042 1469 2076 et
1490 2035 1739 2077 deliberato.

425 2097 454 2138 4
499 2100 696 2141 Ceterum
730 2113 887 2146 eorum,
928 2113 1022 2154 quce
1058 2113 1142 2140 non
1179 2107 1326 2152 sponte
1354 2101 1483 2154 fiunt,
1532 2102 1631 2142 alia
1670 2102 1800 2144 venia

323 2164 460 2218 diyna
486 2172 598 2213 sunt,
635 2165 732 2205 alia
759 2166 913 2206 minus.
978 2159 997 2185 ‘¹
1020 2165 1153 2206 Venia
1175 2166 1324 2219 diqna,
1358 2181 1453 2221 quoe
1480 2181 1564 2209 non
1593 2168 1650 2209 ab
1679 2169 1798 2222 iyno-

322 2230 522 2272 rantibus
543 2231 678 2280 modo,
704 2232 777 2272 sed
801 2239 840 2273 et
871 2232 921 2272 ob
944 2232 1243 2286 iynorantiam
1261 2232 1394 2285 fiunt.
1452 2234 1526 2280 At,
1560 2234 1601 2275 si
1630 2247 1717 2288 qua
1739 2234 1797 2274 ab

322 2296 625 2350 iynorantibus
654 2298 961 2346 admittantur,
990 2312 1065 2339 nec
1096 2305 1238 2339 tamen
1266 2312 1348 2352 per
1378 2299 1691 2352 ignorantiam,
1721 2300 1797 2341 sed

321 2363 408 2403 tali
429 2364 571 2404 animi
593 2363 750 2413 morbo,
776 2364 851 2417 qui
874 2378 1111 2406 communes
1133 2364 1333 2405 humanos
1355 2372 1527 2406 naturae
1549 2366 1660 2418 fines
1682 2379 1795 2407 exce-

379 2475 395 2497 <1
422 2476 520 2506 Venia
534 2476 641 2515 (liqna,
659 2485 728 2514 que?
742 2485 803 2505 non
818 2476 858 2505 ab
874 2476 1025 2514 iqnoran-
1092 2477 1268 2515 Procopius
1301 2477 1518 2508 Gottlzicorum
1545 2487 1600 2508 111.
1630 2478 1703 2509 ὅσοι
1735 2479 1795 2517 μὲν

320 2526 403 2556 tibus
416 2526 515 2562 modo,
531 2526 586 2555 sed
603 2529 631 2556 et
646 2526 682 2555 ob
697 2526 911 2565 iquorantiam
923 2526 1024 2565 fiunt]
1090 2526 1242 2556 ἀδικοῦσι
1263 2528 1341 2556 ’τοὺς
1363 2527 1481 2564 πέλας,
1511 2528 1530 2564 ἦ
1558 2528 1794 2566 προλαβούο-ης

320 2577 492 2615 Dionysius
502 2577 789 2606 Halicarnassensis
804 2576 886 2604 libro
903 2585 928 2606 1.
943 2576 1023 2614 (cap.
1088 2576 1235 2614 α’γνοίας,
1267 2577 1287 2612 ἦ
1314 2576 1413 2612 λήθης
1437 2577 1672 2616 ἐπιγενομένης
1692 2579 1795 2615 τινὸς,

319 2626 381 2663 58.)
394 2626 485 2655 ἅπαν
497 2625 695 2664 συγγνώμης
703 2625 796 2664 ἄξιον
806 2625 848 2654 τὸ
859 2625 1023 2655 ἀκούσιον·
1089 2627 1228 2656 τούτους
1247 2627 1342 2666 ἄξιον
1362 2628 1439 2657 τοὺς
1458 2628 1503 2657 τοὶ
1523 2627 1612 2657 δεινοὶ
1626 2628 1793 2658 πεπονθό-

321 2676 404 2714 quod
416 2686 477 2705 non
490 2679 596 2714 sponte
603 2678 660 2714 fit,
679 2685 765 2705 omne
779 2676 907 2713 diqnum
921 2675 1022 2705 venia.
1088 2687 1150 2705 τας
1165 2676 1401 2714 ξυγγνώμονας
1411 2677 1506 2707 εἶναι·
1519 2677 1575 2716 qui
1586 2677 1662 2707 aliis
1673 2677 1794 2707 molesti

395 2844 416 2874 3
455 2839 580 2886 Angyer
599 2846 639 2875 at
657 2842 832 2887 supposed
848 2853 973 2888 wrong)
989 2843 1019 2877 is
1042 2854 1134 2877 some
1153 2855 1281 2878 coecuse.

397 2901 420 2930 4
466 2897 575 2931 What
590 2899 619 2933 is
636 2899 723 2933 donc
740 2900 890 2945 throuyli
911 2900 1103 2945 iynorance
1122 2901 1152 2934 is
1167 2901 1358 2936 excusable.

398 2957 419 2986 5
452 2952 613 2988 Michael
636 2955 819 3000 Ephesius
846 2961 1062 2999 comments,
1096 2957 1171 2992 and
1192 2958 1370 3003 explains,
1403 2955 1477 2991 this
1506 2966 1671 3002 passage.
1734 2955 1785 2990 So
