1971 3326
150 165 242 201 CAP.
262 162 372 207 X11.]
730 163 795 198 ET
827 161 1033 198 SIMILIA.

1537 158 1620 199 243

148 273 248 318 facit
274 288 351 331 pro
378 272 588 331 religione.
660 273 763 315 Tam
796 287 871 329 pro
902 271 1104 330 religiosis
1134 287 1258 329 quam
1289 287 1365 330 pro
1393 273 1519 316 sacris
1552 275 1621 332 pia

150 346 288 385 exstat
311 339 521 397 Euripidis
544 339 749 382 sententia
783 340 1032 383 Troadibus
1055 340 1179 394 (vers.
1206 341 1277 391 95,
1300 345 1342 383 et
1366 343 1495 397 seqq.)
1515 357 1523 383 :

380 434 506 477 Μῶρος
526 430 563 465 δέ
584 429 714 475 θνητῶν
733 427 830 466 ὅστις
851 429 1012 476 ἐκπορθεῖ
1029 432 1160 474 πόλεις,

381 487 494 524 Ναούς
513 503 551 523 τε
571 486 724 533 τύμβους
749 487 792 530 θ’,
818 487 891 533 ἱερὰ
921 490 989 523 τῶν
1013 489 1234 534 κεκμηκότων,

382 544 527 592 Ἐρημῖᾳ
552 545 641 586 δοὺς,
667 545 767 580 αὐτὸς
791 543 892 579 ὤλεθ’
918 543 1077 592 ὕστερον.

379 620 504 655 Homo
525 619 689 666 quisquis
709 618 821 654 urbes
841 623 962 654 vastat
982 623 1021 655 et
1041 620 1109 655 Dis
1130 620 1304 655 Manibus

383 677 499 712 Sedes
519 680 692 717 sacratas,
713 676 940 722 templaque,
961 676 1061 711 haud
1083 681 1185 712 recte
1202 679 1319 724 sapit:

379 734 479 769 Nam
499 734 627 769 similis
648 733 772 779 ipsum
792 734 906 780 pestis
929 734 1062 768 excidii
1082 738 1219 769 manet.

151 810 391 869 Apollonius
412 812 621 868 Tyanaeus
644 810 723 852 qde
747 810 846 852 coelo
868 824 893 853 a
914 809 1152 868 gigantibus
1177 816 1415 869 oppugnato
1439 811 1621 855 fabulam

152 878 210 921 sic
229 878 609 935 interpretabatur:
644 874 825 936 ὑβρίσαι
849 882 907 921 εἰς
929 873 1033 922 τούς
1059 874 1156 922 νεώς
1181 875 1327 921 αὐτῶν
1352 877 1422 921 καὶ
1449 875 1509 922 w*
1534 874 1619 931 ἕδη,

152 946 241 987 vim
258 960 325 987 eos
351 946 548 987 intulisse
570 945 763 987 Deorum
786 945 954 999 templis
976 959 1029 986 ac
1049 945 1233 988 sedibus.
1280 944 1412 987 Statio
1435 944 1622 988 Annibal

153 1011 388 1068 sacrilegus,
411 1010 506 1067 2qui
531 1012 673 1053 Deum
684 1012 793 1066 face
815 1011 990 1053 miscuit
1013 1026 1132 1053 aras.

250 1078 277 1118 2
324 1076 472 1132 Scipio,
496 1082 617 1133 capta
634 1075 900 1134 Carthagine,
921 1075 1071 1118 milites
1087 1076 1204 1119 donis
1223 1081 1356 1127 ornat,
1382 1076 1515 1138 χωρὶς
1533 1080 1621 1121 τῶν

154 1143 211 1188 εἰς
242 1138 299 1186 τὸ
326 1138 639 1187 Ἀπολλώνειον
669 1139 972 1203 ἁμαρτόντων,
1009 1142 1142 1199 inquit
1165 1143 1395 1199 Appianus‚
1424 1146 1620 1199 exceptis,

154 1211 231 1265 qui
250 1210 299 1252 in
321 1210 540 1265 Apollinis
564 1210 765 1265 templum
781 1217 1082 1264 peccaverant.
1133 1210 1383 1265 Trophaeum
1407 1224 1433 1252 a
1456 1210 1622 1252 Mithri-

154 1277 251 1318 date
270 1281 471 1318 structum
497 1276 649 1325 Caesar,
683 1280 731 1317 ut
754 1280 899 1318 narrat
926 1274 1021 1325 Dio,
1055 1275 1257 1320 καθελεῖν
1281 1273 1355 1320 οὐκ
1375 1274 1623 1327 ἐτόλμησεν

155 1340 207 1387 ὠς
240 1343 333 1389 τοῖς
367 1339 642 1394 ἐμπολεμὶοις
669 1342 793 1388 Θεοῖς
826 1337 1057 1401 ἱερώμενον,
1090 1342 1234 1384 tollere
1267 1357 1398 1385 ausus
1431 1358 1516 1385 non
1547 1352 1620 1393 esc,

154 1417 202 1452 ut
227 1409 327 1452 belli
349 1410 456 1451 Diis
480 1417 715 1451 sacratum.
762 1408 929 1449 Marcus
953 1407 1187 1460 Marcellus,
1214 1423 1306 1464 quae
1332 1408 1505 1451 victoria
1528 1424 1623 1465 pro-

153 1475 250 1517 fana
272 1474 440 1525 fecerat,
464 1474 664 1532 religione
687 1473 908 1530 impeditus
928 1488 1010 1515 non
1027 1473 1179 1531 attigit,
1202 1474 1260 1516 ait
1283 1474 1426 1516 Cicero
1444 1475 1624 1517 Ver-rina

154 1546 331 1598 quarta:
366 1546 408 1585 et
431 1540 584 1584 ibidem
601 1540 730 1591 addit,
754 1539 917 1583 3hostes
938 1554 1028 1583 esse
1048 1539 1219 1596 aliquos,
1244 1539 1314 1596 qui
1333 1539 1376 1582 in
1399 1539 1506 1584 bello
1530 1541 1623 1584 reli-

156 1657 345 1688 Christianis
367 1657 421 1696 jus
448 1656 590 1695 confugii
618 1656 651 1685 in
679 1655 755 1685 talia
786 1655 856 1684 loca

153 1708 286 1746 profuit,
318 1707 389 1736 vide
413 1707 571 1735 Zosimum
597 1706 678 1735 libro
700 1714 747 1735 lv.
772 1705 854 1743 (cap.

153 1760 203 1789 40.
223 1759 287 1788 Ed.
301 1758 433 1795 Cellar.)
449 1757 486 1787 de
502 1757 673 1786 Tomitanis
683 1756 855 1785 Barbaris.

154 1809 249 1838 Adde
269 1808 489 1837 Helvetiorum
510 1807 615 1845 legem
635 1806 721 1844 apud
743 1806 855 1835 Simle-

153 1869 244 1889 rum:
275 1860 450 1897 (Pag.302.
480 1857 544 1886 Ed.
563 1857 720 1894 Elzevir.)
759 1857 856 1886 Nice-

154 1913 221 1939 tam
251 1909 374 1945 Alexio,
403 1907 561 1936 Manuelis
584 1906 668 1936 filio:
704 1906 788 1944 (cap.
811 1906 854 1943 4.)

155 1959 290 1988 eundem
304 1958 373 1988 Lib.
391 1966 412 1987 1.
434 1957 471 1986 de
484 1956 674 1992 Andronico,
695 1955 749 1984 ubi
765 1955 855 1985 Sicu-

154 2008 203 2038 los
227 2009 336 2047 culpat
360 2008 400 2036 ob
420 2007 551 2036 violatas
575 2005 855 2035 Antiochiensium

155 2058 314 2092 ecelesias,
331 2058 420 2095 (cap.
435 2056 486 2092 9.)

214 2114 229 2135 q
249 2107 302 2137 De
328 2107 401 2136 coelo
424 2116 446 2135 a
475 2105 654 2144 qiqantibus
676 2107 854 2143 oppuqnaco

145 2158 297 2197 fabulam
317 2158 363 2186 sz'c
383 2153 663 2194 interpretabatur]
689 2155 734 2185 Ut
755 2157 788 2184 et
807 2155 855 2183 al-

983 1654 996 1672 2
1016 1655 1067 1685 En
1081 1655 1150 1693 ipsa
1164 1655 1259 1684 verba
1272 1655 1399 1685 Poetae:

987 1716 1127 1746 Praecipue
1156 1722 1242 1746 quum
1268 1715 1410 1747 sacrilegus
1436 1717 1493 1742 face
1518 1717 1625 1742 miscuit

1046 1765 1120 1782 arces

986 1798 1075 1829 Ipsius
1096 1799 1243 1829 [Herculis]
1264 1799 1458 1830 immeritaequc
1481 1799 1574 1826 domos
1594 1807 1626 1825 ac

1046 1840 1149 1870 templa
1165 1840 1277 1870 Sagunti

986 1880 1096 1911 Polluit,
1113 1883 1140 1906 et
1155 1882 1263 1912 populis
1278 1881 1360 1907 furias
1370 1882 1480 1907 immisit
1491 1883 1623 1908 honestas.

924 1954 1014 1993 Sylv.
1027 1954 1098 1985 Lib.
1112 1964 1158 1986 1v.
1175 1954 1261 1994 Sylv.
1277 1964 1323 1986 VI.
1339 1965 1420 1986 verS.
1432 1957 1481 1987 82.
1500 1960 1529 1987 et
1542 1967 1625 1996 seqq.

922 2004 959 2035 J.
974 2005 1019 2035 B.

981 2054 995 2072 ³
1016 2054 1087 2084 Hoc
1111 2055 1219 2094 paullo
1240 2058 1315 2086 ante
1336 2056 1476 2094 legitur:
1497 2056 1572 2085 Non
1593 2061 1627 2088 ut

922 2105 963 2134 ab
984 2105 1071 2135 hoste
1089 2107 1207 2145 aliquo,
1227 2107 1283 2145 qui
1302 2110 1402 2136 tamen
1424 2108 1456 2136 in
1477 2108 1555 2136 bello
1576 2118 1626 2137 re-

923 2154 1072 2193 liqz'onum
1086 2159 1115 2185 et
1134 2157 1364 2186 consuetudinis
1372 2156 1455 2193 jura
1471 2158 1626 2194 retineret,

154 2210 258 2237 teram
295 2207 334 2236 de
361 2207 494 2244 Epopeo
531 2204 693 2233 Diodorus
721 2203 855 2235 Siculus.

155 2256 324 2296 [Excerpt.
338 2256 478 2286 Peiresc.
491 2263 569 2293 pag.
579 2255 647 2284 221.
665 2263 682 2283 e
697 2253 766 2283 Lib.
778 2251 855 2291 V11.]

925 2202 983 2242 (ξ’σ.
1032 2205 1140 2244 Caput
1166 2206 1199 2235 in
1227 2216 1283 2236 ora
1310 2207 1382 2236 libri
1409 2207 1624 2237 indicavimus

924 2253 959 2284 J.
975 2253 1018 2284 Β.

157 2420 366 2466 Euripides,
398 2419 578 2466 speaking
611 2420 705 2456 both
741 2420 784 2455 of
820 2421 978 2467 temples
1015 2423 1092 2457 and
1128 2423 1172 2458 of
1205 2423 1338 2458 tombs.
1403 2423 1624 2470 Apollonius

158 2478 341 2523 Tyanaeus
361 2477 594 2522 interpreted
614 2477 679 2512 the
699 2489 774 2512 war
794 2477 837 2512 of
854 2478 918 2513 the
938 2479 1059 2524 giants
1080 2481 1225 2525 against
1245 2480 1310 2514 the
1330 2480 1421 2525 gods
1442 2484 1481 2515 to
1502 2493 1623 2524 mean,

158 2533 241 2568 that
261 2533 351 2579 they
364 2534 525 2568 violated
538 2533 602 2568 the
619 2535 787 2580 temples.
820 2535 867 2569 In
888 2536 1040 2577 Statius,
1061 2537 1224 2572 Annibal
1242 2538 1271 2571 is
1289 2537 1408 2571 called
1421 2539 1622 2584 sacrileyus,

158 2590 219 2625 for
237 2589 320 2625 that
340 2589 389 2624 he
409 2591 529 2625 Deum
539 2592 628 2635 sace
644 2591 783 2626 miscuit
803 2603 900 2633 aras,
920 2596 989 2638 put
1009 2593 1073 2628 the
1093 2593 1201 2628 torch
1218 2597 1257 2628 to
1278 2593 1342 2628 the
1362 2594 1470 2629 altar.

229 2651 251 2682 2
284 2647 420 2692 Scipio,
437 2647 544 2681 when
562 2647 747 2693 Carthage
764 2659 836 2683 was
853 2649 977 2690 taken,
994 2661 1086 2695 gave
1104 2651 1300 2685 donations
1321 2654 1359 2685 to
1377 2651 1442 2686 the
1458 2652 1623 2696 soldiers,

160 2707 293 2750 except
303 2703 410 2738 those
422 2703 503 2738 who
514 2703 588 2738 had
599 2705 851 2750 transgressed
859 2706 1002 2750 against
1010 2706 1174 2752 Apollo's
1187 2707 1337 2752 temple.
1367 2708 1489 2743 Caesar
1501 2711 1624 2745 would

161 2765 228 2796 not
258 2764 414 2795 venture
439 2764 478 2795 to
500 2761 651 2807 destroy
672 2761 736 2797 the
761 2762 898 2808 trophy
922 2763 1073 2797 erected
1093 2764 1143 2809 by
1163 2764 1413 2806 Mithridates,
1438 2777 1477 2801 as
1511 2767 1624 2814 being

161 2818 402 2853 consecrated
421 2821 461 2853 to
486 2817 550 2853 the
562 2818 664 2864 gods.
698 2819 909 2860 Marcellus,
921 2819 1099 2854 withheld
1111 2821 1160 2867 by
1172 2821 1339 2866 religion,
1353 2822 1416 2856 did
1430 2827 1497 2859 not
1510 2825 1625 2860 touch

161 2875 261 2910 what
280 2875 422 2921 victory
442 2875 529 2921 only
548 2875 624 2910 had
644 2875 753 2911 made
774 2876 940 2922 profane,
971 2887 1010 2911 as
1033 2877 1162 2912 Cicero
1186 2889 1290 2924 says3
1321 2879 1395 2913 and
1413 2880 1516 2923 adds,
1541 2882 1625 2917 that

162 2932 269 2968 there
280 2943 343 2967 are
364 2933 525 2968 enemies
541 2933 635 2976 who,
655 2944 748 2969 even
769 2934 905 2983 indwar,
924 2937 1071 2980 respect
1091 2934 1156 2970 the
1175 2935 1293 2981 rights
1314 2936 1358 2971 of
1374 2937 1531 2984 religion
1552 2940 1626 2974 and

1341 3003 1489 3044 16—2

1642 819 1741 844 Philos.
1752 825 1776 843 v.
1792 819 1828 843 16.

1641 1150 1737 1175 Punic.
1752 1157 1777 1180 p.
1791 1150 1828 1174 83.

1640 1286 1699 1310 Lib.
1712 1286 1769 1310 xm.
1784 1294 1808 1317 p.

1640 1318 1693 1341 234.

1642 1484 1706 1515 Cap.
1720 1485 1757 1508 55.
