1971 3326
121 310 210 334 Exod.
220 316 267 334 xx.
279 309 322 338 103

118 341 196 364 xxiii.
211 341 247 364 12.

121 372 200 396 Dent.
214 371 269 395 xvi.
284 371 320 395 14.

118 401 178 457 {bib
192 409 216 426 v.
230 402 282 432 Ep.

123 769 173 798 Ep.
188 767 263 792 xlvii.

124 1027 199 1052 Orac.
214 1026 229 1051 i.
239 1033 264 1057 p.
277 1027 321 1051 50.

127 1226 174 1250 Οιί.
189 1226 216 1250 Φ.
232 1233 255 1250 v.
270 1227 323 1255 215,

121 1258 145 1281 ει
157 1263 225 1288 seqq.

122 1356 197 1387 Apol.
212 1362 233 1380 e.
247 1355 284 1380 33.

121 1493 196 1517 Tom.
208 1498 226 1516 1.
238 1499 261 1523 p.
271 1492 321 1516 114.

340 180 423 222 260
627 187 1098 224 TEMPERAMENTUM
1130 189 1282 225 CIROA
1312 190 1518 227 OAPTOS.
1623 189 1719 238 [ΜΒ.
1738 190 1810 227 111.

338 294 420 337 alia
442 299 603 352 spectat
626 295 695 337 lex
720 295 907 337 Hebraea
939 293 983 336 in
1014 294 1207 337 sabbathi
1241 294 1510 346 institutione,
1543 296 1736 340 nimirum
1765 303 1812 340 ut

338 361 549 403 laboribus
573 361 739 417 aliquod
763 361 935 402 daretur
955 360 1265 416 spiramentum.
1331 362 1389 404 Et
1411 362 1458 403 C.
1485 362 1606 404 Plinii
1638 364 1812 420 epistola

339 427 394 469 ad
428 427 644 469 Paulinum
680 441 773 481 quae
806 425 862 467 sic
894 425 1062 481 incipit:
1097 428 1220 468 vicleo
1248 441 1379 482 quam
1404 429 1591 470 molliter
1617 437 1709 471 taos
1733 431 1812 471 ha-

341 495 454 541 beas,
495 507 575 546 qao
612 493 860 548 simplicius
895 493 1121 545 confitebor
1154 494 1235 534 tibi
1267 507 1354 546 qua
1388 494 1663 549 indulyentia
1701 510 1812 538 meos

342 566 533 601 tractem.
603 559 691 599 Est
720 559 830 599 milii
864 572 1026 612 semper
1058 560 1107 599 in
1138 559 1285 600 animo
1316 566 1355 601 et
1386 559 1667 602 Homericam
1698 561 1813 603 illud

339 621 487 684 ἑκυρὸς
519 618 564 666 δὲ
595 620 749 684 πατὴρ
781 620 833 670 ὦς
869 618 992 675 ἤπιος
1027 618 1111 676 ἦεν,
1153 632 1193 666 et
1233 625 1310 666 Ιιοο
1349 634 1543 667 nostrum
1583 627 1813 668 PATERFA-

340 704 499 732 M1LIAs.

443 757 470 798 2
518 756 568 797 In
599 756 743 799 eadem
775 770 875 799 voce
905 761 1093 799 veterum
1118 756 1419 800 humanitatem
1443 758 1637 801 observat
1661 763 1704 800 et
1739 759 1813 802 Se-

340 837 466 864 neca:
493 837 544 864 ne
564 823 679 864 illacl
697 824 868 876 quidem
885 824 1042 865 videtis
1060 838 1191 876 quam
1209 839 1372 866 omnem
1392 826 1611 866 invidiam
1630 825 1814 878 majores

340 890 480 931 nostri
503 890 699 937 dominis,
726 903 889 930 omnem
912 890 1213 931 contzmzeliam
1236 891 1372 932 servis
1395 891 1668 933 detraxerint
1685 892 1707 932 ‚⁹
1738 893 1812 933 do-

340 956 504 996 minum
542 956 907 1009 patremfamilioe
953 955 1295 1010 appellaverunt,
1344 950 1503 998 iservos
1535 958 1811 1011 familiares.

343 1020 453 1062 Dion
491 1020 745 1061 Prusaeensis
783 1019 983 1075 optimum
1026 1034 1169 1077 regem
1210 1020 1471 1063 describens:
1509 1017 1732 1071 δεσπότην
1767 1018 1812 1066 δὲ

342 1084 426 1146 οὐχ
459 1083 572 1132 ὅπως
612 1087 701 1129 ’τῶν
738 1082 992 1145 ἐλευθέρων,
1024 1083 1150 1129 cimel
1181 1081 1288 1138 μηδὲ
1327 1089 1416 1131 τῶν
1447 1081 1611 1132 δούλων
1643 1089 1815 1148 χαίρειν

343 1148 624 1204 καλούμενον·
661 1153 827 1193 domini
872 1167 1022 1194 nomen
1069 1153 1176 1194 adeo
1213 1154 1262 1194 in
1298 1154 1486 1196 homines
1528 1155 1682 1196 liberos
1724 1170 1810 1197 ozon

341 1226 541 1273 usurpat,
567 1225 615 1259 ut
639 1225 678 1259 et
701 1219 748 1259 in
771 1233 912 1260 servos
936 1233 981 1260 eo
1006 1219 1235 1260 abstineat.
1296 1214 1501 1275 kUlysses
1523 1220 1635 1276 apud
1660 1220 1814 1262 Home-

338 1299 437 1326 -rum
475 1297 630 1333 servos,
667 1297 769 1339 quos
800 1283 903 1325 fidos
938 1283 1108 1340 reperit,
1139 1284 1251 1340 apud
1285 1299 1329 1327 se
1364 1284 1422 1327 ait
1453 1285 1614 1328 futuros
1646 1300 1694 1328 eo
1723 1287 1813 1328 loco

343 1348 459 1405 quasi
484 1349 719 1391 Telemachi
744 1349 814 1390 filii
838 1349 966 1405 ipsius
989 1350 1141 1392 fratres
1163 1355 1309 1392 essent.
1361 1351 1668 1394 Tertullianus:
1694 1347 1813 1408 [qra-

345 1418 431 1458 tius
470 1424 530 1457 est
568 1430 717 1457 nomen
749 1417 936 1470 pietatis
973 1431 1105 1471 quam
1137 1418 1400 1472 potestatis:
1446 1420 1579 1459 etiam
1612 1420 1813 1473 familiae

342 1484 483 1537 magyis
512 1489 667 1537 patres
713 1496 844 1537 quam
891 1483 1061 1523 domim·
1106 1491 1326 1524 vocantur.
1399 1482 1683 1541 Hieronymus
1728 1485 1816 1527 sive

340 1548 538 1589 Paulinus
562 1547 616 1589 ad
642 1547 871 1588 Colantiam
890 1563 899 1588 :
919 1548 1154 1602 familiam
1180 1556 1300 1590 taam
1325 1551 1392 1591 ita
1415 1564 1510 1604 νᾶφε
1542 1558 1581 1592 et
1605 1552 1817 1593 constitue

339 1622 388 1656 ‘at
414 1623 451 1655 te
474 1622 657 1655 matrem
684 1614 825 1668 mayis
855 1621 1029 1654 tuorum
1054 1628 1185 1669 quam
1213 1615 1433 1656 dominam
1458 1617 1600 1658 videri
1628 1618 1749 1666 velis,
1786 1632 1817 1658 a

339 1682 491 1736 quibus
514 1680 778 1734 benifflzitate
793 1681 945 1733 potius
969 1693 1098 1734 quam
1125 1681 1349 1723 severitate
1372 1682 1490 1736 cscz'ye
1518 1683 1816 1724 reverentiam.

343 1796 463 1824 ensium
479 1805 554 1825 vero
569 1796 600 1825 in
618 1805 723 1825 servos
743 1796 876 1825 lenitate
891 1796 962 1825 vide
978 1796 1046 1825 Xe-

342 1846 538 1882 nophontem
562 1846 599 1874 cle
612 1846 789 1883 Republica
804 1846 1047 1881 Atheniensiwn,

343 1893 381 1931 (ἓ
398 1895 426 1924 9.
444 1898 471 1923 et
485 1904 569 1932 seqq.
591 1895 656 1923 Ed.
676 1895 796 1932 Oxou.)

402 1942 410 1963 ἰ
432 1943 545 1972 Servos
557 1943 759 1981 familiares]
783 1944 913 1973 Amicos
929 1944 1047 1982 Epicu-

343 2002 409 2022 rus.
452 1994 572 2022 Seneca
586 1993 737 2030 Epistola
753 2001 835 2021 cv11.

404 2041 419 2063 ¹<
447 2041 588 2080 Ulysses]
625 2042 725 2080 Cujus
758 2044 926 2079 paternam
955 2042 987 2070 in
1015 2051 1049 2071 se

343 2092 574 2130 benignitatem
597 2092 749 2129 praedicat
773 2092 922 2120 Eumaeus
947 2091 1048 2129 Odys-

344 2152 402 2172 seae
418 2144 447 2181 ξ.
465 2143 558 2179 (vers.
570 2143 638 2178 138,
653 2144 682 2170 et
696 2141 794 2179 seqq.)

407 2192 414 2212 ¹
442 2192 575 2221 Gratius
599 2194 643 2220 est
669 2201 775 2220 nomen
796 2191 929 2228 pietatis
955 2201 1049 2229 quam

339 2240 523 2280 potestatis]
561 2241 663 2270 Notat
691 2243 724 2269 et
754 2240 931 2279 Cyprianus
958 2241 1049 2270 testi-

345 2291 523 2321 moniorum
540 2299 591 2320 111.
615 2291 696 2330 §82
718 2290 762 2319 ad
780 2290 969 2328 Quirinum:
993 2290 1049 2319 do-

346 2442 523 2478 servant’s
540 2442 680 2485 health,
696 2443 736 2477 in
752 2443 817 2479 tho
833 2444 935 2479 work
952 2444 1126 2490 required
1143 2445 1186 2480 of
1202 2444 1290 2479 him.

1114 1796 1213 1825 minos
1233 1796 1341 1832 servis,
1366 1805 1433 1825 cnm
1460 1797 1659 1834 crediderint,
1681 1798 1821 1828 mitiores

1115 1855 1177 1875 esse
1192 1846 1300 1875 debere
1307 1856 1320 1882 ;
1336 1847 1513 1885 probatque
1528 1848 1559 1875 id
1575 1848 1712 1885 apostoli
1728 1849 1819 1877 Pauli

1114 1896 1154 1924 ad
1170 1896 1325 1934 Ephesios
1340 1896 1462 1925 verbis:
1484 1896 1670 1926 Lactantius
1688 1898 1769 1926 libro
1785 1907 1819 1927 v.

1116 1954 1186 1983 cap.
1206 1946 1253 1975 15.
1295 1945 1363 1974 IVec
1382 1946 1452 1974 alia
1474 1955 1572 1975 causa
1593 1950 1636 1976 est
1656 1956 1712 1976 cur
1730 1948 1819 1976 nobis

1116 1992 1244 2021 invicem
1267 1993 1416 2030 flatrum
1453 2002 1559 2022 nomen
1593 1994 1820 2032 impertiamur,

1115 2043 1178 2071 nisi
1192 2043 1269 2080 quia
1278 2053 1377 2080 pares
1390 2053 1454 2073 esse
1468 2053 1524 2073 nos
1538 2045 1700 2074 credimus.
1729 2045 1821 2074 Nam

1116 2101 1184 2120 cum
1199 2093 1303 2121 onznia
1318 2093 1455 2121 humana
1469 2102 1529 2122 non
1544 2102 1674 2131 corpore
1687 2094 1743 2123 sed
1754 2095 1821 2132 spi-

1117 2142 1182 2169 ritu
1196 2142 1369 2178 metiamur,
1393 2143 1514 2172 tametsi
1528 2152 1693 2181 corporum
1709 2145 1751 2173 sit
1769 2144 1820 2174 di-

1117 2200 1209 2220 versa
1233 2192 1380 2228 conditio,
1411 2193 1499 2221 nobis
1526 2196 1626 2222 tamen
1652 2194 1736 2223 servi
1759 2203 1821 2223 non

1117 2244 1207 2270 sunt:
1228 2241 1284 2270 sed
1296 2250 1347 2270 eos
1360 2245 1389 2271 et
1400 2243 1554 2279 habemus,
1570 2246 1599 2272 et
1611 2243 1742 2272 elicimus
1754 2244 1821 2281 spi-

1117 2291 1181 2320 ritu
1199 2291 1338 2329 finires,
1367 2292 1518 2329 reliqione
1539 2301 1709 2323 conservos.
1749 2293 1820 2323 Au-

1352 2443 1438 2479 And
1454 2444 1540 2487 this,
1557 2456 1694 2491 among
1710 2445 1820 2481 other

347 2500 483 2546 things,
508 2500 538 2535 is
569 2500 691 2535 aimed
720 2503 759 2535 at
791 2501 831 2534 in
857 2501 922 2536 the
950 2502 1161 2536 institution
1186 2502 1230 2536 of
1250 2501 1316 2536 the
1336 2501 1498 2536 Hebrew
1519 2502 1711 2544 Sabbath3
1736 2502 1820 2538 that

347 2556 454 2592 there
476 2568 560 2603 may
582 2557 630 2591 be
651 2568 673 2591 a
698 2557 896 2602 breathing
916 2558 1007 2592 time
1028 2558 1127 2593 from
1147 2558 1289 2593 labour.
1353 2558 1403 2592 So
1423 2559 1546 2605 Pliny,
1567 2562 1606 2593 to
1628 2559 1820 2601 Paulinus,

346 2614 479 2659 speaks
501 2614 543 2648 of
559 2613 657 2648 their
677 2625 850 2648 common
867 2615 1042 2649 kindness
1063 2619 1102 2649 to
1124 2615 1222 2650 their
1239 2615 1373 2656 slaves;
1395 2616 1550 2661 quoting
1568 2616 1720 2658 Homer,
1737 2615 1820 2650 who

348 2670 481 2715 speaks
512 2670 555 2704 of
575 2671 703 2704 Priam
725 2670 837 2716 being
865 2671 1001 2716 always
1020 2672 1107 2705 kind
1132 2683 1172 2706 as
1200 2673 1386 2716 afathem
1417 2672 1493 2706 and
1519 2672 1648 2719 saying
1669 2672 1752 2707 that
1771 2672 1821 2707 he

349 2726 483 2772 always
504 2727 697 2761 recollects
719 2727 783 2762 the
803 2728 951 2762 Roman
969 2728 1070 2762 word
1091 2729 1383 2773 Paterfamilias.

420 2787 441 2816 2
484 2784 534 2817 So
558 2784 700 2818 Seneca
715 2784 849 2830 judges
871 2784 914 2819 of
930 2785 1070 2819 Iessons
1092 2785 1292 2820 contained
1320 2785 1360 2818 in
1388 2784 1462 2819 this
1485 2784 1586 2819 word
1602 2784 1821 2832 paterfami-

352 2839 428 2879 lias,
448 2840 522 2873 ancl
544 2841 582 2873 in
603 2840 667 2875 the
692 2852 802 2875 name
822 2841 882 2875 for
904 2841 1032 2883 slaves,
1043 2842 1265 2888 familiares.
1326 2842 1376 2875 So
1398 2841 1472 2875 Dio
1495 2841 1721 2876 Prusaeensis
1738 2851 1821 2886 says

351 2893 433 2927 that
454 2906 476 2928 a
495 2896 593 2939 good
616 2897 706 2942 king
727 2898 800 2931 will
820 2901 887 2932 not
907 2898 982 2933 like
1002 2897 1067 2932 the
1088 2902 1185 2932 term
1209 2903 1351 2939 master,
1372 2901 1439 2932 not
1469 2897 1558 2942 only
1576 2897 1620 2932 of
1641 2897 1823 2937 freemen,

352 2948 421 2985 but
442 2960 533 2984 even
554 2952 597 2986 of
617 2952 746 2988 slaves.
786 2954 950 3000 Ulysses‚
971 2955 1010 2988 in
1030 2955 1184 2996 Homer,
1205 2965 1287 3001 says
1308 2954 1390 2989 that
1407 2953 1471 2988 the
1492 2953 1609 2988 slaves
1628 2952 1710 2987 who
1727 2952 1823 2988 have
