1971 3326
722 179 785 215 AC
817 180 1117 216 VERBORUM.

117 302 279 323 versarum
301 295 464 325 civitatum
487 295 569 325 cives
590 305 648 334 per
668 295 775 326 literas
790 297 885 334 facta,

119 347 276 382 reguntur
289 345 363 384 jure
383 348 506 374 naturae
521 349 553 374 et
567 347 723 383 gentium.
745 346 776 374 ii.
794 348 842 383 11,
855 348 885 383 5,

120 393 149 422 3.
192 394 318 432 Regum
342 404 405 433 quo
422 395 494 433 jure
515 398 681 434 regantur.
705 396 781 424 ibid.
822 396 884 424 Er-

119 442 269 473 rantium.
290 443 322 473 ii.
340 446 387 480 11,
404 445 422 474 6

79 490 186 521 Paetis
208 491 258 530 (a)
277 493 434 530 posterior
454 494 617 523 discedens
637 504 700 523 non
719 497 768 524 est
788 495 883 533 perfi-

119 541 191 570 dus.
210 542 253 571 iii.
270 543 317 578 19,
334 544 371 571 14

78 590 250 620 Paetorum
272 593 485 630 personalium
511 597 543 623 et
564 595 697 624 realium
720 594 883 625 dicrimen.

119 640 151 669 ii.
167 641 214 677 16,
232 641 279 678 16,
295 643 322 677 1,
337 644 357 671 3

80 689 229 728 Paganus
243 700 283 720 an
299 691 422 721 hostem
441 692 526 721 licite
541 692 673 721 occidat.
695 693 737 722 iii.
755 694 805 730 18,
819 695 848 732 1,
865 695 882 723 1

81 740 312 779 Παράδειγμα.
334 742 368 771 ii.
383 744 431 778 20,
446 743 474 778 9,
491 744 507 771 1

82 790 236 820 Parentes
263 792 379 822 alendi.
401 792 434 822 ii.
454 794 482 829 7,
505 794 536 828 5,
552 793 581 823 1.
611 793 744 822 Liberos
765 793 881 831 pigno-

119 849 190 870 rare
203 850 240 870 ac
254 842 390 871 vendere
399 843 526 880 quando
542 843 673 881 possint.
696 843 727 873 ii.
743 845 771 879 5,
789 844 808 873 5

80 889 254 920 Parentum
272 891 326 928 jus
353 892 386 920 in
412 892 528 921 liberos
555 893 727 922 secundum
756 896 883 931 tempus

120 937 339 976 distinguitur.
367 940 398 969 ii.
424 941 455 974 5,
479 941 509 977 2,
533 941 562 977 3,
587 940 615 970 6.
667 940 748 969 Cum
776 940 883 969 liberis

119 987 322 1017 matrimonia
333 989 502 1027 contrajus
517 993 648 1019 naturae.
672 990 703 1018 ii.
720 991 749 1026 5,
765 992 810 1026 12,
821 992 849 1026 2,
864 991 883 1020 5

81 1038 160 1067 Pars
175 1038 337 1077 majorjus
353 1040 448 1068 habet
462 1040 686 1069 universitatis.
710 1040 742 1071 ii.
755 1042 783 1077 5,
794 1042 830 1071 17

81 1088 257 1127 Participes
272 1089 379 1118 delicti
394 1090 460 1128 qui.
481 1090 512 1118 ii.
528 1092 576 1126 21,
592 1092 619 1126 1,
634 1092 662 1128 2,
680 1092 697 1119 2

80 1138 198 1168 Partus
218 1149 258 1168 an
276 1142 419 1170 ventrem
437 1143 599 1178 sequatur,
617 1144 649 1170 et
667 1150 730 1179 quo
744 1140 828 1179 jure.
850 1141 882 1173 ii.

120 1192 151 1226 8,
165 1192 213 1220 18.
237 1191 375 1220 Matrem
390 1192 578 1221 naturaliter
593 1201 657 1220 non
672 1192 774 1231 magis
788 1202 883 1231 quam

120 1243 245 1278 patrem
260 1241 413 1279 sequitur.
435 1241 466 1270 ii.
482 1242 511 1277 5,
526 1241 575 1278 29,
592 1242 609 1270 1

81 1289 179 1319 Pater
193 1290 247 1328 jus
268 1300 360 1320 suurn
379 1291 412 1320 in
432 1291 532 1320 filium
553 1291 691 1321 alienare
711 1302 750 1321 an
773 1293 884 1331 possit.

120 1340 153 1369 ii.
167 1341 199 1376 5,
213 1341 242 1376 5,
256 1340 305 1377 26,
321 1343 337 1369 1

81 1389 314 1419 Paterfamilias
330 1391 405 1429 quid
420 1391 589 1429 significet.
610 1391 654 1422 iii.
670 1393 718 1427 14,
731 1393 760 1428 5,
774 1394 801 1428 1,
816 1394 834 1421 2

82 1440 243 1470 Patientia
265 1450 336 1478 quae
361 1441 510 1479 punibilis
538 1441 570 1470 in
594 1444 728 1480 rectore,
751 1446 808 1471 aut
834 1452 885 1472 re-

121 1491 260 1529 publica.
282 1491 313 1519 ii.
329 1492 378 1527 21,
393 1492 422 1527 2,
438 1493 466 1527 2,
480 1493 500 1520 4

81 1541 274 1571 Patientiam
296 1540 361 1579 (ad)
387 1541 507 1571 Christi
531 1541 677 1579 exemplo
700 1542 883 1573 invitamur.

122 1590 143 1619 i.
159 1591 188 1626 4,
202 1590 231 1626 7,
243 1590 281 1619 15

82 1639 314 1669 Patrimonium
329 1640 440 1678 populi
453 1649 509 1670 rex
527 1640 665 1670 alienare
681 1649 746 1669 non
766 1642 884 1678 potest.

123 1689 156 1718 ii.
171 1689 199 1725 6,
210 1691 259 1719 11.
301 1689 391 1718 Illius
404 1699 488 1727 parS,
502 1689 534 1718 id
549 1692 606 1725 est,
621 1690 752 1718 dominii
772 1699 792 1718 a
808 1699 885 1728 rege

125 1739 331 1777 oppignorari
345 1748 400 1767 cur
414 1738 525 1777 possit.
547 1739 581 1768 ii.
597 1739 625 1774 6,
640 1740 679 1767 13

83 1789 262 1818 Paucorum
277 1787 460 1817 dominatio.
503 1787 579 1817 Vide
591 1787 787 1818 Dominatio.

83 1838 203 1868 Paulus
228 1837 403 1876 Apostolus
425 1846 488 1866 non
516 1837 677 1875 improbat
703 1837 885 1875 praesidium

124 1888 271 1917 militare.
293 1888 314 1916 i.
328 1888 357 1923 2,
373 1887 401 1922 7,
417 1888 453 1915 11

82 1937 152 1967 Pax
176 1937 324 1976 religiose
341 1937 504 1966 servanda.
523 1936 567 1967 iii.
594 1937 641 1973 25,
668 1938 697 1973 1,
719 1937 748 1967 7.
790 1937 886 1967 Utilis

123 1987 337 2023 validioribus,
361 1986 598 2015 invalidioribus
625 1989 658 2015 et
680 1987 821 2024 paribus.
841 1987 884 2017 iii.

123 2037 173 2073 25,
195 2038 226 2067 5.
265 2037 377 2074 Rupta
405 2036 532 2074 quando
561 2039 737 2064 censeatur.
767 2037 811 2065 iii.
834 2038 885 2071 20,

86 2116 88 2118 ,
123 2087 173 2116 27.
213 2086 387 2124 Rumpitur
412 2086 452 2114 ab
476 2094 513 2113 eo
535 2085 589 2122 qui
614 2094 653 2113 ex
671 2085 771 2113 veteri
792 2095 887 2114 causa

123 2135 187 2165 vim
201 2135 307 2164 infert.
331 2135 376 2163 iii.
390 2136 440 2170 20,
457 2135 504 2163 28.
547 2133 701 2162 Alienans
721 2134 805 2162 bona
825 2134 886 2163 im-

123 2184 216 2223 perii,
238 2184 340 2222 regni,
361 2193 495 2212 coronae.
516 2183 559 2211 iii.
581 2184 628 2218 20,
646 2184 676 2219 5,
696 2184 724 2218 2,
740 2185 769 2214 3.
815 2184 888 2218 Qua

123 2234 302 2273 imperium,
326 2236 382 2262 aut
406 2242 480 2271 pars
499 2232 623 2270 imperii
651 2232 818 2263 alienatur.
843 2233 885 2264 iii.

123 2285 173 2319 20,
187 2284 207 2313 5

84 2332 177 2362 Pacis
197 2341 292 2361 causa
311 2341 352 2360 an
372 2332 457 2360 bona
478 2331 675 2360 subditorum
689 2331 790 2360 valide
810 2331 887 2361 alie-

124 2383 250 2411 nentur.
271 2381 316 2411 iii.
332 2383 380 2415 20,
394 2382 425 2415 7,
441 2382 471 2410 8.
512 2380 767 2410 Conventionum
786 2381 886 2410 inter-

123 2431 329 2469 pretationes.
351 2430 396 2459 iii.
418 2431 466 2465 20,
488 2430 518 2460 9.
561 2429 677 2467 Capita
699 2439 740 2458 an
773 2430 886 2459 distin-

125 2480 253 2519 guenda
266 2479 298 2508 in
313 2479 435 2516 majora
449 2481 481 2508 et
495 2479 626 2508 minora.
647 2479 691 2508 iii.
705 2480 755 2515 20,
769 2480 809 2508 35

85 2529 170 2560 Pace
197 2537 261 2557 non
290 2528 380 2556 reddi
414 2527 557 2556 civitates
590 2527 716 2563 liberas,
748 2537 819 2566 quae
852 2538 886 2558 se

82 2606 85 2608 .
126 2580 240 2616 sponte
261 2576 471 2614 subjecerunt.
495 2576 538 2605 iii.
559 2577 609 2611 20,
629 2577 676 2605 14.
718 2575 818 2614 Regis
845 2587 886 2606 an

125 2629 296 2657 teneantur
314 2634 509 2654 successores
527 2628 560 2654 et
572 2625 721 2663 populus.
742 2626 786 2656 iii.
804 2628 854 2662 20,
868 2627 887 2658 6

86 2677 203 2706 Pacem
225 2683 348 2704 servare
363 2675 417 2712 qui
430 2674 508 2710 vult,
529 2676 697 2712 postquam
718 2675 758 2704 ab
775 2677 886 2705 adver-

127 2726 208 2756 sario
219 2727 315 2762 rupta
328 2727 386 2760 est,
406 2727 522 2762 potest.
543 2724 586 2753 iii.
610 2726 658 2762 20,
679 2726 727 2754 38.
769 2725 887 2756 Facere

126 2775 216 2813 cujus
235 2774 282 2804 fit.
303 2773 345 2802 iii.
368 2775 417 2809 20,
438 2775 466 2810 2,
480 2774 510 2803 4.
551 2774 655 2811 Major
675 2783 748 2811 pars
769 2774 888 2804 faciens

127 2825 249 2862 obligat
261 2823 510 2853 un1versitatem.
530 2823 574 2853 iii.
589 2825 638 2859 20,
651 2825 682 2853 4.
716 2825 769 2852 An
784 2824 888 2854 facere

127 2873 229 2912 possit
256 2882 312 2902 rex
343 2876 399 2903 aut
426 2873 539 2910 minor,
565 2875 622 2903 aut
649 2873 803 2911 captivus,
831 2876 888 2905 aut

128 2923 213 2953 exul.
227 2922 269 2953 iii.
284 2924 332 2960 20,
346 2924 366 2953 3

1676 178 1757 218 431

953 296 1122 326 Pactiones
1150 296 1189 325 de
1216 296 1311 326 rebus
1345 298 1525 335 reddendis,
1553 308 1624 337 quae
1658 299 1759 338 magis

992 346 1161 384 minusque
1175 347 1376 377 favorabiles.
1398 348 1442 377 iii.
1459 350 1508 385 20,
1524 351 1560 377 21

952 395 1109 425 Peccandi
1124 396 1259 426 facilitas
1274 406 1368 425 causa
1378 406 1440 426 nou
1454 398 1631 427 minuendae
1643 407 1760 436 poenae.

992 446 1160 482 fiAEQssl

952 494 1123 523 Peccatum
1139 495 1179 523 ad
1194 497 1340 524 mortem.
1364 495 1395 524 ii.
1412 497 1460 532 20,
1473 496 1502 530 7,
1518 498 1538 525 3

953 543 1089 572 Peccata
1110 553 1181 582 quae
1205 544 1298 573 facile
1322 545 1542 575 condonanda.
1578 545 1611 574 ii.
1635 547 1685 580 20,
1708 546 1758 577 26.

989 594 1068 628 Quae
1080 594 1318 623 excusabiliora.
1340 595 1372 624 ii.
1386 596 1434 632 20,
1449 597 1496 631 30,
1512 598 1542 632 2,
1558 595 1585 625 §a
1602 598 1650 632 31,
1665 598 1684 624 2

951 643 1123 672 Peculatus
1144 644 1357 673 committitur
1378 645 1461 674 circa
1482 646 1635 683 praedam.
1661 646 1707 675 iii.
1729 646 1757 683 6,

990 694 1038 728 21,
1053 694 1073 722 3

950 741 1116 771 Peculium
1145 744 1231 781 quid.
1253 744 1297 773 iii.
1317 745 1364 780 14,
1384 744 1412 780 6,
1434 746 1464 773 2.

991 791 1078 826 mini,
1093 796 1252 829 quatenus
1267 794 1358 822 servi.
1382 794 1458 822 ibid.

951 840 1093 869 Pecunia
1107 843 1282 870 communis
1298 852 1455 872 mensura.
1476 843 1509 871 ii.
1520 845 1567 878 12,
1583 844 1639 880 173
1659 844 1691 873 ii.
1708 845 1756 881 17,

990 893 1040 921 22.
1085 892 1206 927 Quanti
1223 892 1419 922 aestimanda.
1442 893 1473 922 ii.
1494 896 1542 930 12,
1567 895 1614 924 17.
1657 895 1756 924 Steri-

990 942 1029 970 lis
1045 952 1108 980 quo
1124 952 1229 972 sensu.
1251 942 1283 971 ii.
1301 945 1348 978 12,
1363 945 1411 979 20,
1427 945 1443 972 1

951 991 1128 1022 Pensitatio
1150 1002 1214 1022 non
1236 996 1397 1032 repugnat
1420 1002 1543 1022 summo
1568 993 1711 1032 imperio.
1734 995 1756 1025 i.

990 1044 1073 1078 affl

950 1091 1174 1121 Percussorem
1189 1092 1361 1123 immittere
1376 1103 1416 1123 an
1431 1094 1525 1124 liceat
1539 1094 1572 1122 in
1587 1095 1684 1126 bello.
1712 1095 1759 1126 iii.

991 1145 1073 1179 affl

951 1193 1118 1231 Peregrini
1140 1196 1291 1223 tenentur
1313 1195 1438 1233 legibus
1456 1195 1518 1224 loci
1540 1196 1573 1225 in
1596 1205 1660 1234 quo
1681 1205 1758 1226 con-

993 1244 1135 1272 trahunt.
1157 1244 1191 1274 ii.
1207 1246 1256 1280 11,
1271 1245 1300 1280 5,
1314 1246 1333 1273 2

953 1292 1097 1321 Perfidiae
1116 1302 1190 1322 usus
1206 1293 1238 1322 in
1259 1294 1447 1332 defectores,
1463 1295 1591 1332 piratas,
1606 1296 1757 1333 latrones,

987 1342 1060 1380 jure
1075 1343 1219 1380 gentium
1235 1343 1461 1373 dissimulatur.
1482 1344 1524 1374 iii.
1538 1347 1566 1381 4,
1582 1347 1631 1379 18,
1648 1346 1668 1375 6

953 1391 1152 1420 Perfidorum
1190 1402 1288 1430 opera
1315 1393 1455 1430 qualium
1488 1394 1537 1423 uti
1569 1397 1682 1424 contra
1703 1395 1758 1433 jus

993 1442 1148 1479 gentium.
1170 1441 1212 1470 iii.
1229 1443 1258 1478 4,
1274 1443 1322 1478 18,
1335 1444 1366 1477 4,
1378 1443 1397 1472 5

953 1489 1091 1527 Perjurii
1112 1499 1208 1528 poena
1228 1492 1448 1528 posteritatem
1471 1493 1641 1530 contingit.
1661 1493 1694 1522 ii.
1709 1495 1757 1531 13,

993 1542 1021 1574 1,
1036 1542 1064 1568 2.
1109 1540 1266 1569 Voluntas
1280 1541 1423 1578 punitur.
1444 1541 1475 1571 ii.
1493 1543 1542 1577 13,
1555 1544 1584 1578 1,
1598 1544 1617 1571 2

953 1588 1106 1627 Perjurus
1128 1589 1159 1617 in
1179 1589 1315 1626 piratam
1334 1592 1390 1620 aut
1410 1590 1568 1620 latronem
1583 1600 1647 1620 non
1662 1591 1757 1629 puni-

993 1641 1056 1666 tur.
1078 1638 1121 1667 iii.
1137 1639 1185 1673 19,
1195 1639 1226 1674 5,
1243 1640 1259 1667 1

954 1687 1124 1716 Permissio
1147 1687 1334 1725 quotuplex.
1355 1688 1375 1718 i.
1398 1690 1428 1725 1,
1453 1689 1503 1726 17,
1525 1691 1553 1718 1.
1595 1689 1645 1718 Ex
1669 1698 1758 1719 more

994 1737 1202 1775 distinguitur
1222 1747 1242 1766 a
1259 1738 1466 1775 permissione
1486 1748 1525 1768 ex
1538 1738 1702 1770 beneficio.
1722 1739 1757 1771 ii.

993 1787 1022 1821 2,
1036 1787 1086 1815 23.
1128 1786 1181 1814 An
1196 1786 1277 1824 legis
1292 1787 1332 1815 sit
1346 1792 1446 1816 actus.
1469 1788 1490 1817 i.
1506 1789 1523 1816 1

954 1834 1146 1864 Permittere
1170 1844 1204 1864 se
1227 1836 1358 1865 arbitrio
1381 1837 1515 1866 aliorum
1538 1837 1615 1875 quid
1639 1837 1690 1868 sit.
1710 1837 1755 1868 iii.

992 1886 1095 1919 2Qffl
1338 1882 1342 1885 “

954 1934 1164 1971 Permutatio,
1187 1938 1369 1965 contractus
1389 1936 1637 1975 antiquissimus.
1658 1937 1692 1967 ii.
1707 1938 1755 1974 12,

993 1986 1022 2021 3,
1036 1986 1055 2014 3

954 2033 1060 2063 Persae
1085 2034 1201 2063 multas
1224 2043 1338 2063 uxores
1360 2035 1532 2064 habebant.
1564 2035 1597 2066 ii.
1619 2035 1648 2071 7,
1671 2036 1701 2071 9,
1722 2037 1755 2067 4.

988 2083 1109 2112 Eorum
1133 2084 1240 2121 opinio
1264 2084 1303 2112 de
1325 2083 1408 2112 Deo.
1430 2083 1471 2113 iii.
1490 2085 1519 2119 5,
1539 2085 1568 2120 2,
1583 2084 1611 2114 6.
1636 2085 1708 2114 Mos
1721 2085 1754 2114 in

988 2132 1117 2170 judiciis
1131 2133 1308 2162 criminum.
1338 2133 1369 2162 ii.
1387 2134 1437 2169 20,
1451 2134 1499 2169 30,
1513 2135 1543 2162 3.
1583 2133 1652 2162 Lex
1669 2144 1756 2172 quae.

995 2183 1067 2211 dam
1082 2183 1210 2220 injusta.
1233 2183 1266 2212 ii.
1282 2184 1331 2219 21,
1346 2183 1394 2213 15.
1438 2183 1498 2213 Jus
1517 2183 1549 2212 in
1570 2183 1699 2214 liberos.
1720 2184 1755 2215 ii.

1508 745 1675 780 Quatenus
1698 745 1756 774 do-

994 2232 1024 2269 5,
1039 2232 1056 2261 7

955 2280 1138 2310 Persecutio
1153 2281 1287 2311 difficilis
1306 2282 1456 2320 praesumi
1475 2282 1554 2312 facit
1574 2283 1753 2314 derelictio-

994 2339 1079 2359 nem.
1101 2331 1131 2359 ii.
1148 2332 1177 2366 8,
1191 2332 1211 2359 3

954 2379 1062 2409 Persei
1077 2380 1260 2409 Macedonis
1274 2380 1488 2410 controversia
1502 2389 1573 2410 cum
1588 2381 1754 2413 Romanis.

993 2429 1185 2465 it1a16,2

954 2479 1165 2508 Personarum
1186 2479 1333 2516 aptitudo
1349 2479 1389 2507 ad
1404 2488 1513 2508 causas
1526 2481 1680 2518 peccandi
1692 2482 1754 2512 im-

994 2528 1162 2565 pellentes,
1178 2530 1210 2557 et
1224 2528 1454 2558 abstrahentes.
1478 2528 1509 2558 ii.
1525 2531 1574 2565 20,
1587 2532 1626 2559 31

953 2577 1082 2606 Petenti
1104 2578 1189 2614 dare,
1213 2586 1276 2615 quo
1291 2586 1384 2607 sensu
1408 2578 1553 2608 Christus
1577 2579 1754 2618 praecipiat.

993 2627 1014 2655 i.
1030 2628 1058 2662 2,
1073 2628 1101 2663 8,
1117 2627 1135 2657 6

954 2675 1043 2705 Petri
1057 2677 1175 2705 factum
1190 2676 1297 2714 gladio
1312 2676 1432 2706 utentis
1452 2685 1509 2706 cur
1528 2676 1752 2716 improbatum.

994 2726 1178 2763 taaal

954 2775 1281 2813 Pignorationesjure
1297 2775 1379 2805 civili
1392 2775 1504 2807 irritae.
1523 2776 1566 2807 iii.
1581 2778 1611 2814 2,
1625 2779 1654 2814 1,
1667 2779 1687 2807 2

955 2824 1076 2861 Pignus
1104 2824 1263 2862 accipiens
1290 2825 1331 2854 ad
1357 2825 1435 2862 quid
1461 2828 1620 2857 teneatur.
1648 2827 1680 2858 ii.
1704 2828 1753 2864 12,

994 2874 1042 2908 13,
1057 2874 1074 2901 1

955 2922 1103 2961 Pignoris
1117 2923 1203 2953 datio
1218 2923 1319 2962 qualis
1333 2926 1433 2954 actus.
1454 2924 1487 2954 ii.
1504 2925 1553 2964 12,
1567 2924 1587 2956 6
