1971 3326
142 174 233 209 CAP.
252 170 342 217 XL]
449 171 844 208 INTERFIOIENDI
873 171 931 206 IN
959 170 1126 206 BELLO
1157 171 1331 207 JUSTO.
1532 165 1614 206 199

140 283 408 341 susceperint,
440 282 613 326 ferenda
636 296 800 339 quoque
824 282 877 324 ab
900 281 998 339 ipsis
1021 281 1120 324 belli
1143 282 1262 324 mala.
1334 280 1616 324 Infortunato-

140 366 234 394 rum
266 349 499 407 exemplum
527 354 623 392 sunt
656 349 727 399 illi,
764 348 834 405 qui
865 363 948 390 non
981 348 1121 391 hostili
1159 347 1296 391 animo
1331 348 1443 405 apud
1477 348 1617 389 hostes

140 423 249 467 sunt,
286 417 429 473 quales
458 415 734 458 Athenienses
764 415 1018 472 temporibus
1047 414 1355 464 Mithridaticis,
1393 414 1445 456 de
1469 414 1617 470 quibus

140 484 197 526 sic
226 483 410 540 loquitur
433 481 618 525 Velleius
645 481 912 524 Pater-culus:
945 483 987 524 si
1012 483 1110 538 quis
1138 483 1216 523 lzoc
1247 482 1489 524 rebellandi
1518 489 1616 523 tem-
1633 491 1785 517 Liuii-23-

132 566 234 607 pus,
261 566 342 607 quo
365 550 546 592 Atltenae
568 556 830 605 oppufynatce
859 563 889 589 a
913 549 1047 590 Sulla
1075 557 1187 598 sunt,
1221 549 1412 605 imputat
1436 548 1617 590 Atheni-

141 619 324 666 ensibus,
361 617 545 658 nimium
577 616 670 657 veri
699 616 1007 668 vetustatisque
1037 616 1222 670 igynarus
1249 623 1339 657 est.-
1375 616 1481 656 adeo
1505 616 1617 656 enim

141 693 262 726 certa
284 682 610 725 Atheniensium
633 682 682 722 in
709 682 929 722 Romanos
954 682 1065 735 fides
1087 682 1199 735 ficit,
1233 689 1282 722 ut
1305 695 1467 735 semper
1498 689 1538 722 et
1569 682 1618 722 in

142 752 260 793 omni
282 764 340 799 re,
376 748 589 804 quicquid
609 748 781 788 sincera
792 747 884 800 fide
912 754 1145 801 yereretur,
1178 748 1228 788 id
1249 747 1440 789 Romani
1463 748 1617 788 Attica

133 818 237 871 fieri
253 816 562 871 praedicarent.
621 814 818 855 Ceterum
844 821 934 854 tum
957 814 1150 870 oppressi
1168 812 1455 854 Mithridatis
1480 813 1618 854 armis

142 884 331 925 homines
354 881 608 923 miserrimoe
637 880 910 928 conditionis,
948 894 1044 921 eum
1067 880 1123 920 ab
1147 879 1342 920 inimicis
1366 886 1617 929 tenerentur,

143 949 514 1005 oppuynabantur
538 947 595 988 ab
619 947 787 995 amicis,
812 954 851 988 et
875 947 1044 987 animos
1071 953 1197 988 eitra
1222 945 1397 994 moenia,
1435 959 1619 1000 corpora

141 1015 387 1057 necessitati
416 1013 644 1056 servientes
669 1014 790 1054 intra
821 1026 964 1053 muros
989 1012 1204 1054 habebant
1222 1027 1236 1053 .·
1271 1025 1364 1068 quae
1398 1025 1496 1067 pars
1527 1024 1619 1066 pos-

142 1087 277 1124 trema
300 1094 353 1122 ex
377 1079 496 1121 Livio
525 1083 660 1120 sumta
683 1077 815 1120 videri
842 1083 991 1134 potest,
1015 1078 1126 1134 apud
1153 1092 1276 1133 quem
1306 1077 1492 1119 Indibilis
1518 1076 1618 1118 His-
1635 1077 1839 1109 Lib-xxvii-U-

141 1161 273 1203 panus
309 1159 458 1202 corpus
489 1145 696 1187 duntaxat
729 1159 847 1187 suum
878 1144 990 1200 apud
1025 1143 1400 1201 Carthaginienses,
1437 1143 1619 1186 animum

142 1214 254 1270 apud
278 1214 489 1255 Romanos
512 1210 572 1253 ait
594 1210 731 1253 fuisse.

245 1282 271 1322 2
320 1280 562 1327 Nimirum,
598 1282 646 1319 ut
674 1276 734 1319 ait
767 1276 925 1329 Cicero,
959 1291 1112 1327 omnes,
1145 1292 1324 1333 quorum
1359 1277 1407 1318 in
1437 1277 1621 1320 alterius
1638 1285 1801 1340 ξπέριιῑηε-

142 1362 276 1389 manu
299 1347 392 1389 vita
404 1347 557 1401 posita
580 1352 653 1394 est,
682 1345 842 1399 scepius
875 1345 1079 1399 coyitant,
1113 1345 1224 1397 quid
1238 1344 1381 1399 possit
1410 1345 1462 1393 is,
1496 1343 1621 1397 cujus
1656 1335 1662 1341 ¹

142 1415 191 1456 in
214 1415 378 1456 ditione
401 1426 455 1453 ac
469 1418 686 1467 potestate
703 1418 819 1459 sunt,
846 1425 978 1465 quam
997 1411 1104 1465 quid
1126 1411 1277 1452 debeat
1286 1411 1456 1465 facere.
1503 1410 1621 1451 Idem

142 1495 219 1537 pro
246 1478 440 1537 Ligario:
478 1478 656 1520 tertium
679 1484 741 1519 est
766 1484 940 1531 tempus,
966 1491 1047 1529 quo
1063 1484 1165 1532 post
1189 1477 1421 1518 adventum
1446 1477 1552 1517 Vari
1572 1477 1621 1517 in

144 1548 306 1602 Africa
329 1545 520 1587 restitit:
555 1544 669 1600 quod
699 1544 740 1585 si
764 1550 825 1585 est
849 1544 1140 1593 criminosum,
1167 1543 1434 1584 necessitatis
1458 1543 1620 1584 crimen

143 1622 217 1664 est,
247 1627 332 1655 non
354 1612 603 1654 voluntatis.
675 1609 814 1664 Atque
838 1609 915 1650 hoc
939 1614 1102 1650 secutus
1126 1613 1189 1650 est
1218 1608 1409 1650 Julianus
1430 1608 1473 1649 in
1497 1622 1620 1649 causa

143 1677 480 1735 Aquileiensium,
514 1681 620 1718 teste
643 1674 874 1723 Ammiano,
908 1674 979 1730 qui
1010 1689 1100 1715 cum
1125 1688 1350 1730 paucorum
1378 1673 1619 1730 supplicium
1637 1679 1820 1705 Lib.xxi.12.

144 1749 367 1795 narrasset,
410 1742 575 1799 adjicit:
603 1742 772 1783 residui
807 1755 946 1783 omnes
982 1742 1183 1783 abierunt
1218 1742 1400 1789 innoxii,
1436 1755 1538 1796 quos
1571 1742 1620 1782 in

144 1812 428 1853 certaminum
462 1809 627 1849 rabiem
668 1808 919 1848 cnecessitas
958 1814 1115 1862 efferat,
1158 1821 1241 1848 non
1274 1807 1487 1848 voluntas.
1552 1806 1620 1847 Ad

145 1875 404 1934 Thucydidis
438 1874 573 1915 locum
612 1871 664 1913 de
706 1871 1026 1928 Corcyrensium
1067 1871 1239 1928 captivis
1280 1871 1458 1914 venditis
1501 1877 1621 1915 vetus
1638 1880 1780 1906 Liui-⁵5-

144 1995 227 2034 μίων
247 1991 515 2032 ἀναγκασθέντες
533 1988 742 2026 ἀπέστησαν,
764 1999 847 2027 συγ-
913 1988 1015 2018 Paulo
1030 1988 1261 2018 sententiarum
1275 1997 1306 2018 v.
1331 1989 1382 2018 tit.
1395 1989 1423 2018 1.
1446 1988 1464 2027 ἓ
1482 1989 1511 2018 1.
1534 1991 1620 2018 certe

145 2045 278 2084 ’γνώμην
298 2043 375 2082 ἔχω·
398 2042 523 2081 iqnosco
548 2040 623 2076 illis,
650 2040 705 2078 qui
728 2039 846 2077 defece-
915 2039 1010 2074 enim,
1028 2041 1066 2067 ut
1086 2038 1235 2076 Synesius
1255 2038 1310 2075 ait,
1333 2038 1473 2077 ἰσχυρὸν
1487 2037 1619 2076 ἀνάγκη

145 2097 219 2124 runt
242 2103 264 2122 a
285 2093 383 2128 nobis,
407 2094 530 2130 coyente
554 2090 648 2118 hoste.
691 2089 845 2118 Contem-
914 2088 1058 2125 πρᾶγμα
1083 2087 1136 2116 καὶ
1158 2087 1280 2125 βίαιον·
1309 2097 1359 2116 res
1381 2091 1426 2116 est
1449 2087 1560 2116 valida
1581 2096 1620 2116 ac

145 2143 245 2183 piatio
263 2145 413 2173 extremae
431 2138 627 2170 necessitatis
647 2138 715 2167 haec
732 2137 849 2166 dicitur
914 2137 1050 2166 violenta
1063 2137 1240 2166 necessitas.
1283 2136 1306 2167 J
1310 2137 1451 2166 uvenalis
1468 2137 1507 2167 de
1524 2137 1619 2166 Cala-

145 2308 368 2344 missortune
397 2308 472 2343 and
500 2308 677 2344 misdeed.
740 2308 790 2342 So
822 2307 1005 2354 Gylippus
1031 2307 1219 2343 considers
1240 2310 1279 2342 to
1300 2305 1421 2341 which
1438 2305 1531 2340 class
1553 2304 1618 2340 the

145 2366 353 2402 Athenians
381 2366 531 2412 belong,
562 2366 638 2401 and
669 2376 752 2411 says
783 2364 875 2411 they
906 2375 1002 2400 were
1037 2368 1104 2400 not
1137 2376 1225 2399 men
1259 2363 1517 2403 unfortunate,
1548 2362 1618 2396 but

145 2424 284 2468 unjust,
309 2423 384 2458 and
409 2428 509 2458 must
536 2423 726 2458 therefore
751 2422 842 2456 bear
875 2421 940 2456 the
967 2422 1057 2457 evils
1087 2421 1130 2457 of
1159 2433 1243 2456 war.
1293 2420 1347 2455 Of
1372 2420 1617 2453 unfortunate

145 2490 310 2525 persons,
338 2481 525 2526 examples
550 2492 614 2515 are
641 2480 749 2515 those
774 2479 856 2513 who
883 2489 946 2513 are
966 2479 1056 2514 with
1077 2479 1142 2513 the
1160 2489 1306 2522 enemy,
1327 2476 1484 2510 without
1504 2475 1617 2520 being

146 2536 284 2571 hostile
311 2537 350 2570 in
380 2537 495 2578 mind,
520 2548 559 2571 as
590 2537 655 2572 the
683 2535 890 2571 Athenians
916 2539 956 2570 at
980 2536 1046 2570 the
1071 2536 1162 2570 time
1189 2534 1232 2569 of
1260 2533 1509 2567 Mithridates.
1565 2532 1616 2566 So

146 2593 367 2628 Paterculus
390 2593 576 2628 describes
596 2594 711 2633 them,
731 2593 909 2638 applying
936 2593 1035 2627 what
1060 2593 1154 2638 Livy
1174 2602 1268 2637 says,
1289 2590 1333 2624 of
1356 2589 1526 2623 Indibilis
1551 2588 1616 2623 the

148 2649 344 2696 Spaniard,
374 2648 457 2684 that
486 2649 544 2685 his
568 2650 669 2696 body
692 2660 765 2684 was
790 2649 879 2685 with
904 2649 969 2684 the
1001 2649 1300 2694 Carthaginians‚
1323 2646 1380 2681 his
1401 2646 1506 2679 mind
1525 2645 1616 2680 with

147 2706 212 2742 the
233 2707 411 2741 Romans.

220 2768 241 2798 2
274 2764 324 2798 So
347 2764 477 2798 Cicero
501 2762 634 2809 speaks
660 2762 703 2798 of
718 2762 831 2797 faults
853 2762 897 2797 of
915 2762 1110 2808 necessity,
1132 2772 1171 2795 as
1192 2759 1358 2806 opposed
1383 2762 1422 2794 to
1447 2758 1554 2794 those
1576 2758 1620 2794 of

145 2821 240 2855 will:
258 2832 298 2856 so
309 2821 493 2862 Julianus,
514 2821 578 2855 the
596 2823 867 2855 commentator
880 2830 928 2854 on
947 2818 1196 2864 Thucydides,
1207 2828 1300 2863 says,
1317 2816 1400 2851 that
1416 2816 1616 2862 according

146 2881 186 2913 to
208 2878 274 2912 the
298 2877 391 2912 mild
417 2878 525 2924 spirit
551 2877 594 2912 of
610 2878 676 2912 the
704 2877 846 2912 Greeks
862 2876 926 2911 the
950 2876 1161 2922 Corcyrean
1182 2875 1345 2921 captives
1365 2884 1462 2909 were
1481 2873 1617 2920 spared

149 2945 199 2969 on
221 2935 296 2970 this
317 2935 475 2981 ground.
526 2934 606 2970 The
632 2935 809 2970 Plateans
838 2933 949 2979 plcad
977 2932 1042 2968 the
1069 2943 1170 2968 same
1193 2942 1326 2967 excuse
1347 2931 1386 2965 in
1410 2931 1592 2966 Isocrates
1606 2942 1616 2972 3
