1971 3326
92 437 152 462 Lib.
164 444 231 462 xxx.
241 439 266 463 8.

314 176 370 220 Ἠ
563 185 632 220 DE
663 185 793 220 JURE
826 180 1218 220 INTERFIOIENDI
1248 185 1444 220 HOSTES
1475 186 1533 221 IN
1596 184 1780 229 [L1B.III.

405 295 432 335 3
479 295 624 350 quue
652 308 773 336 sensu
805 307 916 349 saepe
945 291 1096 348 opponi
1121 292 1306 334 videmus
1334 294 1574 350 quodlicet,
1607 300 1650 338 et
1674 295 1783 352 quod

314 364 489 416 oportet,
515 355 581 402 fut
602 375 628 402 a
650 361 807 402 Seneca
837 364 958 415 patre
980 358 1022 399 in
1051 359 1340 400 controversiis
1364 374 1448 400 non
1478 361 1615 404 semel.
1685 363 1783 404 Am-

314 426 474 468 mianus
514 425 802 468 Marcellinus:
854 432 954 466 sunt
1000 424 1160 477 aliqua
1205 440 1298 478 quae
1335 426 1439 478 fieri
1477 441 1561 468 ozon
1607 437 1781 482 oportet,

92 494 486 534 Lib-v·Ep·14·etiamsz'
521 494 629 534 lieet.
698 489 855 531 Plinius
889 489 932 530 in
965 489 1171 545 epistolis:
1206 498 1369 545 oportet
1401 506 1494 546 quoe
1528 501 1628 535 sunt
1661 496 1783 536 inho-

92 637 158 668 Cap.
170 638 193 661 3.

92 694 154 725 Cap.
170 694 208 718 16.

92 758 164 783 Decl.
175 758 228 783 251.

93 1363 168 1387 Οναι.
183 1363 209 1386 ii.
223 1363 262 1387 ad

90 1394 155 1417 Cres.
168 1395 201 1417 (Ie
211 1395 274 1424 Rev.

89 1425 181 1448 ordin.
195 1431 218 1448 c.
232 1426 272 1449 48.

313 566 448 607 nesta,
478 573 562 599 non
586 558 715 612 quasi
741 557 916 605 illicita,
954 557 1028 597 sed
1051 557 1178 608 quasi
1192 558 1404 611 pudenda
1427 559 1580 600 vitare.
1640 559 1782 601 Cicero

312 623 400 678 ipse
424 623 609 664 oratione
632 637 708 679 pro
734 621 891 664 Balbo:
916 629 977 664 est
1001 623 1113 663 enim
1136 623 1308 677 aliquid
1331 624 1444 678 quod
1466 638 1550 666 non
1574 630 1780 680 oporteat,

313 690 486 731 etiamsi
510 690 618 731 licet.
689 688 805 731 Idem
840 702 916 744 pro
940 687 1095 729 Milone
1117 689 1202 743 fas
1226 703 1311 731 esse
1342 689 1396 730 ad
1418 694 1622 740 naturam,
1658 692 1783 733 licere

312 755 366 796 ad
406 754 520 811 leges
558 754 702 796 refert.
771 755 828 796 Et
862 753 905 795 in
941 753 1236 796 declamatione
1270 753 1401 810 patris
1431 755 1672 806 Quintiliani
1705 761 1781 807 est,

311 820 425 862 aliud
446 835 534 863 esse
551 820 650 876 jura
674 825 875 876 spectare,
900 819 1011 862 aliud
1030 819 1245 875 justitiam.

413 887 494 928 III.
545 887 640 928 Hoc
664 901 764 944 ergo
789 885 911 928 modo
934 885 1087 927 laedere
1108 885 1214 928 hosti
1239 887 1399 928 hostem
1422 886 1532 937 licet,
1557 892 1600 930 et
1623 887 1666 929 in
1689 902 1782 944 per-

310 967 423 1002 sona,
456 958 498 995 et
528 952 571 994 in
597 953 734 1003 rebus,
767 952 810 994 id
845 957 919 1002 est,
949 966 1031 993 non
1067 951 1104 992 ei
1138 957 1299 994 tantum
1330 951 1400 1008 qui
1429 967 1482 994 ex
1511 954 1627 1009 justa
1661 967 1784 997 causa

311 1019 463 1061 bellum
486 1018 610 1076 gerit,
639 1018 790 1074 quique
812 1018 927 1060 laedit
949 1017 1060 1060 intra
1084 1031 1176 1058 eum
1198 1017 1363 1060 modum
1388 1032 1509 1074 quem
1536 1019 1783 1063 naturaliter

311 1099 545 1127 concessum
568 1084 683 1127 initio
704 1085 827 1141 hujus
850 1084 946 1125 libri
979 1083 1171 1133 diximus,
1204 1084 1276 1125 sed
1306 1098 1358 1125 ex
1388 1090 1564 1141 utraque
1587 1091 1709 1141 parte
1740 1091 1783 1129 et

310 1150 569 1194 indistincte:
604 1151 663 1193 ita
697 1156 744 1193 ut
778 1165 869 1192 eam
907 1149 958 1191 ob
994 1163 1157 1190 causam
1194 1164 1269 1191 nec
1300 1150 1437 1206 puniri
1471 1151 1599 1207 possit·
1632 1151 1674 1193 in
1701 1151 1782 1194 alio

310 1216 421 1259 forte
452 1216 663 1259 territorio
699 1216 990 1272 deprehensus,
1020 1220 1217 1271 tanquam
1249 1215 1454 1258 homicida
1487 1223 1560 1260 aut
1593 1217 1674 1268 fur,
1707 1232 1782 1260 nec

309 1282 462 1325 bellum
502 1283 580 1339 ipsi
616 1283 668 1325 ab
709 1282 788 1324 alio
826 1281 918 1324 talis
958 1281 1057 1324 facti
1098 1281 1261 1323 nomine
1300 1281 1456 1324 inferri.
1526 1284 1618 1326 Hoc
1661 1298 1782 1326 sensu

310 1350 422 1405 apud.
461 1348 698 1392 Sallustium
733 1348 933 1406 legimus:
971 1349 1043 1390 cui
1078 1349 1224 1390 omnia
1259 1350 1306 1390 in
1338 1350 1525 1391 victoria
1561 1351 1647 1405 leye
1682 1351 1783 1393 belli

312 1416 536 1458 licuerunt.

406 1483 481 1525 IV.
548 1481 682 1523 Causa
717 1495 789 1523 cur
826 1480 869 1522 id
909 1480 1101 1538 gentibus
1141 1482 1152 1506 ¹
1161 1480 1363 1537 placuerit
1402 1482 1491 1523 haec
1528 1481 1628 1524 fuit:
1671 1482 1782 1539 quod

308 1547 417 1590 inter
441 1548 542 1590 duos
566 1546 740 1604 populos
764 1547 816 1590 de
840 1546 936 1602 jure
958 1547 1056 1589 belli
1086 1547 1356 1603 pronuntiare
1380 1547 1486 1591 velle
1509 1548 1781 1604 periculosum

369 1667 381 1689 f
403 1668 445 1697 Ut
458 1677 479 1696 a
495 1667 612 1697 Seneca
621 1665 733 1705 patre]
757 1667 847 1695 Inter
860 1665 921 1694 alia
935 1674 1010 1693 con-
1078 1665 1173 1694 etiam
1195 1674 1258 1694 non
1284 1666 1415 1703 solenni,
1438 1667 1554 1696 valent.
1596 1667 1679 1697 Fuse
1699 1668 1781 1697 dixi-

308 1718 533 1747 troversiarum
548 1718 629 1746 libro
645 1726 693 1747 1v,
707 1717 759 1746 25,
1079 1722 1149 1742 mus
1162 1714 1195 1742 in
1210 1714 1303 1743 Notis
1318 1716 1433 1745 nostris
1450 1716 1589 1747 Gallicis,
1629 1716 1663 1746 J.
1679 1717 1720 1747 B.

368 1768 376 1786 ¹
400 1769 474 1798 Non
497 1778 577 1808 opus
600 1770 648 1797 est
662 1767 741 1808 ‚heic
764 1766 830 1795 ullo
855 1774 1011 1795 consensu
1140 1765 1154 1782 ²
1174 1765 1246 1794 Non
1265 1766 1305 1794 ad
1326 1766 1487 1804 Senatum,
1506 1768 1561 1797 sed
1578 1768 1618 1796 ad
1636 1768 1780 1806 Appium

306 1817 523 1855 Populorum:
549 1819 603 1847 sed
627 1827 665 1846 ex
687 1817 756 1855 ipso
775 1815 857 1845 Jure
878 1816 1012 1844 Naturae
1080 1815 1249 1853 Legatum,
1271 1815 1303 1844 in
1324 1815 1466 1845 Concilio
1481 1817 1681 1847 Achaeorum.
1724 1817 1780 1845 ln-

311 1867 452 1897 rationes
464 1868 530 1906 peti
538 1870 681 1906 possunt,
689 1876 759 1905 quae
772 1866 802 1894 in
815 1866 899 1894 omni
912 1866 1013 1902 Bello,
1081 1865 1166 1903 spice
1186 1865 1302 1901 locum,
1325 1873 1344 1893 a
1360 1874 1410 1894 me
1428 1866 1575 1896 distincte
1594 1867 1779 1898 indicatum.

381 2036 402 2067 3
443 2031 528 2066 And
550 2032 588 2065 in
609 2031 682 2066 this
712 2042 817 2066 sense
838 2030 937 2065 what
963 2031 993 2065 is
1021 2030 1146 2065 lawful
1179 2032 1209 2065 is
1239 2031 1344 2066 often
1373 2030 1538 2076 opposed
1566 2032 1606 2065 to
1626 2029 1725 2064 what
1749 2030 1779 2065 is

307 2088 408 2135 right
452 2088 631 2134 (oportet),
667 2100 707 2123 as
754 2089 793 2122 in
832 2088 974 2123 Seneca
1002 2088 1230 2134 repcatedly.
1296 2089 1346 2123 So
1393 2088 1621 2129 Ammianus,
1658 2087 1780 2132 Pliny,

308 2147 450 2181 Cicero.
502 2146 587 2180 And
625 2146 754 2180 Cicero
787 2156 943 2191 opposes
963 2147 1034 2190 sas
1062 2157 1138 2186 csse,
1170 2145 1268 2179 what
1301 2146 1330 2180 is
1360 2145 1459 2191 right
1488 2145 1539 2191 by
1562 2148 1708 2186 nature,
1738 2148 1778 2179 to

309 2203 419 2245 licere,
446 2202 566 2238 which
585 2203 616 2237 is
637 2202 792 2237 allowed
813 2202 862 2250 by
882 2203 961 2237 law,
1023 2202 1107 2236 And
1131 2203 1337 2243 Quintilian
1358 2213 1514 2248 opposes
1528 2203 1631 2249 jura,
1651 2201 1778 2236 lawful

306 2260 436 2306 rights,
456 2264 496 2295 to
512 2260 659 2305 justice.

378 2318 448 2352 III.
488 2318 533 2351 In
550 2317 623 2351 this
641 2317 754 2352 latter
770 2328 887 2358 sense,
908 2317 937 2351 it
954 2316 984 2351 is
1000 2316 1122 2351 lawful
1139 2320 1177 2351 to
1193 2316 1301 2350 harm
1318 2328 1366 2351 an
1383 2327 1517 2362 enemy
1529 2315 1621 2351 both
1639 2315 1677 2349 in
1693 2326 1775 2361 per-

307 2385 374 2409 son
395 2374 469 2409 and
490 2375 528 2408 in
548 2378 747 2420 property3
777 2374 851 2408 and
871 2374 956 2415 this,
978 2378 1043 2408 not
1064 2374 1151 2419 only
1172 2373 1230 2408 sor
1250 2373 1328 2407 him
1344 2373 1426 2407 who
1444 2374 1474 2407 is
1490 2373 1642 2418 making
1662 2384 1684 2406 a
1698 2373 1778 2418 just

307 2443 383 2466 war
399 2431 473 2466 and
490 2431 571 2466 who
590 2431 713 2466 harms
731 2431 795 2466 the
811 2442 945 2476 enemy
962 2432 1000 2464 in
1016 2431 1080 2465 the
1098 2442 1176 2477 way
1194 2430 1313 2465 which
1334 2431 1363 2465 is
1381 2430 1536 2464 allowed
1552 2429 1602 2475 by
1617 2430 1778 2464 Natural

305 2489 404 2530 Law,
417 2500 456 2524 as
473 2500 527 2524 we
547 2489 641 2523 have
658 2489 874 2534 explained3
894 2488 963 2523 but
980 2499 1027 2523 on
1043 2488 1135 2522 both
1153 2488 1260 2529 sides,
1277 2488 1351 2522 and
1368 2487 1524 2522 without
1540 2487 1775 2521 distinction:

306 2557 347 2581 so
367 2546 450 2580 that
470 2546 518 2580 he
539 2549 676 2581 cannot
701 2546 761 2580 for
788 2545 861 2580 this
882 2556 1013 2580 reason
1046 2545 1094 2580 be
1122 2545 1317 2591 punished,
1342 2545 1375 2579 if
1398 2544 1535 2590 caught
1560 2544 1599 2578 in
1619 2543 1778 2578 another

306 2604 493 2650 territory,
514 2615 553 2638 as
574 2615 597 2638 a
622 2603 808 2638 homicide
828 2614 870 2637 or
890 2614 912 2637 a
932 2602 1037 2644 thies,
1058 2614 1126 2637 nor
1147 2614 1216 2637 can
1235 2613 1310 2636 war
1337 2602 1385 2637 be
1414 2602 1522 2636 made
1547 2612 1596 2635 on
1623 2600 1701 2635 him
1727 2612 1776 2635 on

305 2660 371 2695 the
396 2661 541 2707 ground
563 2661 606 2696 of
622 2660 713 2696 such
733 2672 782 2695 an
801 2663 872 2695 act.
938 2661 988 2695 So
1021 2660 1161 2695 Sallust
1187 2670 1281 2706 says,
1301 2658 1366 2694 All
1395 2659 1493 2704 beinq
1514 2658 1644 2704 Zawficl
1665 2663 1698 2692 to
1723 2658 1776 2692 the

305 2718 416 2752 victor
436 2720 479 2765 by
498 2720 552 2760 tlte
573 2719 659 2753 Zaws
677 2719 722 2766 of
735 2730 825 2753 war.

379 2776 444 2809 IV.
505 2776 585 2811 The
619 2786 751 2810 reason
780 2775 823 2810 of
839 2773 912 2810 this
936 2775 1017 2809 rule
1050 2785 1185 2819 among
1216 2774 1362 2808 nations
1388 2783 1461 2807 was
1487 2771 1580 2806 this:
1608 2770 1691 2806 that
1716 2771 1776 2806 for

306 2831 414 2865 other
434 2833 579 2867 nations
601 2837 639 2867 to
661 2833 753 2867 offer
773 2836 811 2867 to
832 2842 1047 2878 pronounce
1064 2843 1112 2866 on
1134 2831 1197 2866 the
1218 2830 1318 2876 right
1346 2829 1387 2864 of
1411 2840 1486 2863 war
1513 2829 1682 2863 between
1701 2832 1774 2863 two

304 2888 468 2933 peoples,
485 2890 606 2923 would
626 2890 673 2924 be
695 2890 902 2935 dangerous
920 2889 979 2924 sor
995 2889 1101 2924 those
1119 2888 1200 2923 who
1222 2886 1437 2926 interfered,
1461 2885 1535 2919 and
1555 2885 1637 2920 who
1655 2884 1774 2931 might

304 2944 391 2979 thus
412 2945 458 2979 be
478 2945 649 2980 involved
670 2947 707 2979 in
729 2958 751 2980 a
771 2958 845 2980 war
865 2946 1065 2991 belonging
1085 2950 1123 2980 to
1146 2945 1269 2979 others
1281 2957 1290 2986 ;
1316 2955 1354 2978 as
1372 2943 1436 2978 the
1456 2943 1663 2978 Massilians
1683 2942 1773 2983 said,
