1971 3326
102 187 302 236 GAr.X1.]
399 188 791 226 INTERFIOIENDI
821 186 878 222 IN
909 185 1073 221 BELLO
1105 184 1278 220 JUSTO.
1491 176 1569 216 221

103 299 346 357 Respondet
370 299 532 349 chorus,

337 379 457 420 Quem
477 379 578 413 Mars
600 378 750 423 reliquit
770 376 897 423 praelio
919 375 1168 421 superstitem.

105 445 266 488 Ibidem
291 444 556 501 Eurystheus
580 443 793 500 captivus:
1595 448 1620 465 v·
1637 442 1703 465 ¹0¹¹·

337 526 428 567 Quae
448 535 508 559 me
528 524 728 565 necabunt,
747 534 823 557 non
844 525 955 557 erunt
974 531 1077 568 purae
1098 530 1242 556 manus.

105 591 228 648 Apud
253 590 482 633 Diodorum
508 589 689 632 Siculum
714 588 910 645 Byzantii
932 593 975 629 et
1006 584 1283 634 Chalcedonii,
1317 582 1427 639 quod
1451 581 1577 638 capti·
1596 595 1654 620 Lib.
1667 595 1712 620 xii
1725 596 1763 620 82

105 672 180 700 vos
198 657 297 699 satis
313 656 462 699 multos
476 655 788 703 interfecissent,
809 655 886 694 hoc
901 652 1034 709 elogio
1049 657 1271 693 notantur:
1295 645 1579 701 ἐπετέλησαν

106 720 283 783 πραξεις
308 720 506 775 ὠμότητι
530 716 835 806 διαφερουσας
852 726 1165 773 perpetrarunt
1175 718 1392 772 facinma
1409 717 1578 758 eximiae

106 790 393 833 crudelitatis.
458 787 575 829 Idem
615 785 713 827 alibi
748 780 947 840 dcaptivis
993 796 1165 839 parcere
1202 787 1322 824 vocat
1359 801 1418 825 τα
1462 800 1577 824 'sowa
1596 798 1656 822 Lib
1669 798 1776 827 xii1.25,

108 853 272 908 νόμιμα,
287 855 364 909 jus
387 866 633 897 commune:
667 850 738 907 qui
761 850 883 892 aliter
906 854 1050 907 agunt,
1083 862 1153 890 eos
1182 847 1241 889 ait
1263 852 1385 889 extra
1412 852 1579 888 contro-
1595 831 1634 853 ²⁶

106 921 282 964 versiam
307 934 488 977 peccare.
559 919 738 960 Parcere
762 915 934 972 captivis
951 915 1073 971 jubet
1096 913 1193 955 boni
1218 919 1261 956 et
1284 912 1392 968 aequi
1415 917 1577 962 natura,

107 994 154 1030 ut
175 987 217 1029 in
240 985 530 1044 philosophicis
550 983 712 1040 scriptis
736 983 938 1025 dicentem
968 981 1166 1023 Senecam
1189 994 1271 1021 non
1301 979 1370 1021 diu
1401 984 1463 1020 est
1487 993 1577 1020 cum
1599 991 1690 1045 1350!
1689 997 1730 1014 vn.
1744 990 1760 1014 i

108 1053 351 1096 audivimus
405 1052 463 1094 Et
486 1049 676 1093 laudari
666 1064 709 1091 111
732 1048 912 1091 historiis
934 1062 1003 1089 eos
1024 1046 1221 1095 videmus,
1248 1045 1318 1101 qui
1339 1060 1430 1087 cum
1455 1044 1580 1086 nimia

109 1118 366 1176 captivorum
390 1117 609 1160 multitudo
634 1115 751 1158 oneri
781 1120 854 1158 aut
878 1113 1060 1171 periculo
1085 1127 1173 1155 esse
1195 1117 1345 1169 posset,
1371 1110 1579 1153 dimittere

110 1199 250 1227 omnes
271 1198 394 1240 quam
419 1183 605 1226 occidere
633 1182 877 1224 maluerunt.

208 1251 326 1295 XIV.
383 1252 407 1292 1
457 1249 639 1292 Easdem
663 1249 715 1290 ob
743 1261 886 1290 causas
918 1245 1066 1288 evitam
1091 1244 1245 1287 salvam
1273 1242 1578 1300 paciscentium,

111 1317 198 1360 sive
221 1317 263 1359 in
286 1316 442 1374 praelio,
465 1315 552 1358 sive
571 1315 614 1357 in
638 1314 859 1363 obsidione,
883 1327 966 1354 non
988 1311 1248 1368 repudianda
1271 1310 1439 1352 deditio.
1479 1309 1580 1351 Ideo

112 1382 347 1426 Arrianus
336 1398 379 1425 m
403 1381 563 1425 deditos
585 1381 738 1423 editam
761 1395 787 1422 a
811 1378 1018 1421 Thebanis
1042 1384 1238 1435 stragem,
1270 1376 1329 1418 ait
1351 1376 1476 1418 fuisse
1499 1390 1581 1417 non
1598 1386 1756 1441 fffef‘if'ssfll

114 1450 251 1492 Graeci
274 1449 409 1499 moris,
434 1468 518 1508 ουχ
539 1444 800 1500 Ελληνικην
824 1442 1028 1506 σφαὙην.
1073 1444 1136 1485 Ac
1159 1442 1345 1485 s1mil1te1·
1370 1442 1582 1500 Thucydi-

114 1517 186 1559 des
209 1516 316 1559 libro
341 1530 401 1557 111.
434 1513 603 1561 ἑκόντας
633 1533 686 1557 τε
710 1511 923 1567 ἐλάβετε,
956 1531 1023 1554 και
1048 1511 1201 1570 χεῖρας
1227 1505 1580 1569 προϊσχομένους·
1600 1519 1665 1549 Cap
1679 1519 1720 1542 58·

114 1580 137 1626 ὁ
161 1578 206 1626 δὲ
233 1583 353 1635 νόμος
376 1602 466 1629 τοις
484 1578 681 1633 ΑΕλλησι
711 1599 770 1631 μη
800 1597 980 1622 κτεινειν
1007 1575 1203 1622 τούτους·
1238 1577 1420 1618 volentes
1443 1590 1519 1617 7703
1543 1583 1582 1617 et

114 1664 269 1692 manus
293 1650 504 1692 tendentes
528 1647 756 1702 accepistis
779 1647 827 1687 in
842 1649 1108 1700 potestatem.
1161 1643 1263 1683 Mos
1289 1649 1431 1683 autem
1462 1642 1584 1683 Gree-

115 1730 262 1758 corum
283 1723 355 1764 est,
383 1715 490 1756 tales
514 1728 597 1755 non
619 1713 864 1765 interficere.
926 1709 985 1751 Et
1012 1708 1124 1764 apud
1148 1707 1377 1749 Diodorum
1403 1706 1583 1749 Siculum

119 1780 370 1838 syracusam
393 1785 627 1821 senatores:
666 1774 821 1837 σώζειν
849 1795 930 1819 τον
959 1775 1119 1826 ικέτην,
1144 1770 1263 1831 ἄξιον
1288 1775 1367 1825 τῆς
1389 1778 1584 1830 μεγαλο-
1603 1783 1772 1809 Bibl.xi.91.

117 1847 299 1907 ψυχίας,
320 1860 476 1901 777779770
499 1846 644 1886 animo
667 1845 854 1897 digynum
872 1850 932 1884 est
950 1841 1139 1896 supplici
1160 1854 1317 1894 pai-'cei
1320 1854 1349 1881 e.
1389 1840 1584 1894 Sopater:

119 1911 246 1962 νόμος
269 1910 370 1957 ἐστι
390 1931 490 1957 τους
513 1907 655 1956 ἱκέτας
680 1905 876 1969 σώζειν
857 1927 900 1951 εν
920 1927 1013 1953 τοις
1038 1902 1260 1956 πολέμοις·
1284 1920 1377 1947 77707
1379 1920 1417 1947 73
1441 1912 1514 1955 est,
1540 1905 1589 1946 777

119 1980 239 2022 bellis
262 1994 329 2021 sei
333 1993 434 2020 vare
457 1977 681 2032 supplices.

219 2046 246 2086 2
294 2045 344 2085 In
381 2042 555 2085 obsessis
588 2040 749 2098 oppidis
777 2040 1037 2083 observatum
1071 2052 1098 2080 a
1126 2036 1337 2089 Romanis,
1366 2041 1589 2093 antequam

120 2125 283 2153 murum
329 2108 437 2151 aries
481 2107 759 2164 percussisset.
832 2106 973 2148 Caesar
1016 2103 1235 2147 Aduaticis
1278 2103 1506 2152 denuntiat,
1546 2117 1590 2144 se
1608 2106 1697 2163 15³3?
1694 2105 1809 2162 &gysa-

123 2219 454 2259 ἐνδιαθρυπτομένους
468 2230 507 2248 τε
523 2218 574 2247 καὶ
596 2217 822 2256 βλακεύοντας
889 2218 917 2244 et
934 2215 1031 2244 vitam
1052 2212 1396 2251 delicatefastidz'entes
1409 2222 1545 2248 servare,
1560 2215 1594 2242 ut

122 2271 232 2300 ἐλεεῖν
247 2270 414 2308 ἀξιοῦμεν,
430 2268 659 2306 ω’ςῬωμαίοις
681 2268 824 2305 Χριστι-
890 2264 974 2294 decet
1002 2263 1203 2293 Christianos
1236 2266 1264 2292 et
1297 2263 1435 2292 Romani
1469 2262 1595 2301 imperii

124 2324 212 2349 ανοΐς
233 2319 342 2358 νόμος·
364 2328 420 2347 nos
440 2327 511 2347 vero
539 2320 672 2346 vestrum
699 2316 823 2344 misere·
891 2314 981 2343 cives.
1015 2313 1115 2352 (Cap.
1133 2315 1181 2343 12.
1204 2313 1290 2342 Hist.
1312 2312 1469 2352 Miscell.)
1511 2313 1595 2342 Vide

123 2369 312 2408 murjuqum
332 2368 448 2398 cervice
459 2366 660 2404 jactantium,
682 2367 824 2393 mortem·
893 2364 1062 2392 Serranum
1081 2363 1113 2391 in
1129 2364 1223 2392 rebus
1239 2363 1400 2392 Francisci
1414 2363 1442 2393 I.
1458 2366 1490 2393 et
1505 2363 1595 2392 Hen-

124 2426 183 2455 que
210 2415 491 2455 concupiscentibus
512 2422 647 2452 parcere
673 2411 825 2448 volumus,
892 2413 948 2442 rici
963 2413 1010 2442 11.

126 2561 184 2596 his
202 2562 376 2607 captives,
394 2562 578 2598 dismisses
596 2562 712 2603 them,
731 2561 780 2596 he
797 2562 828 2596 is
845 2563 993 2608 praised
1010 2563 1050 2597 in
1066 2562 1220 2608 history.

200 2619 306 2654 XIV.
361 2623 378 2653 1
411 2619 541 2654 Hence
559 2619 758 2654 surrender
778 2630 827 2654 on
845 2620 1037 2655 condition
1054 2619 1097 2654 of
1110 2619 1175 2653 life
1196 2619 1225 2653 is
1244 2615 1434 2662 accepted,
1448 2615 1541 2650 both
1558 2617 1597 2651 in

129 2686 151 2709 a
166 2674 285 2711 battle
302 2676 377 2711 and
394 2677 432 2710 in
449 2688 471 2710 a
491 2677 601 2722 siege.
648 2676 779 2711 Hence
796 2676 931 2711 Arrian
959 2688 1041 2723 says
1068 2676 1151 2711 that
1175 2675 1240 2710 the
1261 2673 1452 2719 slaughter
1469 2673 1512 2707 of
1533 2673 1599 2708 the

130 2732 316 2775 Thebans,
334 2733 416 2768 who
437 2733 508 2768 had
532 2733 791 2774 surrendered,
810 2744 881 2768 was
901 2745 950 2768 an
974 2733 1162 2768 zon-Greek
1182 2741 1376 2765 massacre.
1426 2731 1475 2765 So
1494 2730 1597 2763 Thu-

131 2790 293 2835 cydides,
315 2791 395 2825 You
415 2792 566 2825 received
586 2802 639 2832 us,
660 2791 805 2835 holdiny
822 2796 882 2824 out
900 2802 967 2824 our
988 2791 1103 2824 hands
1120 2801 1160 2823 as
1182 2788 1457 2833 sem-renderinyt
1484 2793 1516 2821 to
1535 2787 1600 2821 kilt

131 2848 215 2882 such
238 2848 268 2882 is
288 2854 347 2885 not
377 2849 429 2883 the
456 2848 570 2883 Greek
597 2853 740 2882 custom.
803 2847 852 2882 So
874 2846 938 2882 the
968 2848 1196 2893 Syracusans
1221 2845 1260 2879 in
1285 2845 1495 2886 Diodorus3
1525 2844 1602 2878 and

135 2903 306 2950 Sopater.

204 2967 225 2997 2
256 2964 301 2998 In
328 2963 516 3009 besicging
539 2966 667 3004 towns,
690 2961 755 2997 the
779 2962 945 2997 Romans
967 2960 1031 2995 did
1053 2959 1138 3003 this,
1158 2960 1288 2996 before
1309 2958 1373 2995 the
1394 2959 1601 3004 battering-
