1971 3326
768 351 958 395 CAPUT
992 354 1068 395 IX.

686 465 756 501 DE
787 468 1140 505 POSTLIMINIO.

239 578 270 613 I.
348 577 459 623 Oriyo
479 578 570 613 vocis
590 579 820 624 postliminii.

233 635 284 670 II.
350 635 485 678 Quibus
520 636 560 670 in
592 636 674 670 locis
703 637 882 682 postlimi-

347 692 449 726 nium
468 693 524 727 sit.

222 749 292 784 ΙΙΙ.
347 749 575 783 Postliminio
588 751 754 795 quaedam
764 762 880 786 rever·

347 807 385 847 ti,
402 808 568 852 quceddm
584 808 703 853 recipi.

226 863 293 898 IV.
344 864 413 898 Jus
425 865 638 910 postliminii
653 876 719 900 csse
735 865 774 899 in
788 877 879 911 pace

349 927 380 956 ct
396 922 435 956 in
456 922 541 956 bello
555 935 566 955 .·
592 928 622 956 et
639 923 726 968 quid
741 924 772 958 si
788 924 879 958 nihil

348 979 388 1013 in
402 991 492 1024 pace
508 980 644 1014 dictum
660 981 703 1014 sit
714 981 733 1014 2

236 1036 284 1070 V.
344 1036 453 1070 Liber
470 1037 582 1078 homo,
600 1038 684 1072 bello
705 1045 878 1080 manento,

345 1095 488 1138 quando
506 1095 725 1139 postliminio
739 1097 875 1130 redeat:

218 1149 285 1185 VI.
339 1150 428 1192 Quoe
435 1152 528 1197 jura
541 1152 699 1197 recipiat,
712 1164 790 1198 quoe
805 1165 877 1188 non

345 1208 505 1253 recipiat.

208 1264 296 1299 VII.
343 1265 442 1299 Jura
458 1272 488 1300 et
507 1266 546 1299 in
562 1267 681 1312 ipsum
700 1268 848 1303 restitui.

199 1321 306 1357 VIII.
341 1322 416 1357 Cur
428 1324 490 1368 qui
509 1334 542 1357 se
559 1325 690 1358 dedant
701 1326 764 1370 jus
776 1331 875 1371 post-

345 1379 476 1414 liminii
492 1392 564 1415 non
584 1381 745 1416 habeant.

216 1436 286 1472 IX.
338 1437 505 1483 Populus
529 1439 672 1483 quando
696 1439 874 1485 postlimi-

343 1495 397 1529 nii
408 1495 471 1541 jus
488 1496 623 1530 habeat.

227 1551 279 1587 X.
345 1552 434 1595 Quae
451 1553 490 1586 in
506 1553 559 1588 his
576 1553 638 1599 qui
650 1553 872 1599 postliminio

341 1611 487 1645 redeunt
503 1611 573 1645 sint
585 1611 683 1657 juris
703 1611 825 1646 civilis.

215 1665 285 1701 XI.
344 1667 448 1703 Servi
456 1668 678 1713 postliminio
699 1670 872 1714 quomodo

1122 583 1354 629 recipiantur,
1371 584 1477 620 etiam
1491 588 1654 633 transfu-

1121 653 1199 686 9oe:
1230 643 1401 687 quomodo
1423 644 1484 689 qui
1509 645 1655 680 redemti

1120 704 1215 732 sunt.

994 753 1084 788 XII.
1125 754 1187 788 An
1209 756 1340 790 subditi
1358 758 1580 802 postliminio
1597 771 1652 794 re-

1119 812 1313 857 cipiantur.

974 868 1085 903 XIII.
1115 868 1235 914 Aglros
1246 870 1468 915 postliminio
1488 874 1608 918 recipi.

974 925 1080 961 XIV.
1118 926 1224 961 Circa
1239 939 1293 962 res
1313 929 1453 963 mobiles
1470 932 1564 975 quod
1579 932 1651 966 dis-

1118 984 1251 1019 crimen
1272 985 1357 1018 olim
1374 987 1605 1022 observatum.

988 1040 1075 1075 XV.
1121 1041 1219 1084 Quid
1240 1042 1337 1077 circa
1357 1055 1412 1078 res
1428 1045 1568 1080 mobiles
1589 1047 1649 1080 lio-

1117 1099 1172 1133 die
1184 1099 1282 1145 juris
1294 1099 1313 1133 5>

975 1154 1080 1189 XVI.
1127 1156 1217 1198 Quoe
1250 1168 1304 1191 res
1337 1158 1572 1204 recipiantur,
1597 1161 1650 1194 ita

1116 1219 1156 1247 ut
1171 1214 1392 1258 postliminio
1413 1228 1485 1250 non
1501 1225 1633 1262 eyeant.

963 1268 1090 1304 XVII.
1121 1270 1340 1306 ,Mutationes
1366 1283 1408 1306 ex
1441 1274 1510 1319 Zeqe
1542 1276 1648 1317 civili,

1117 1329 1237 1372 quoad
1251 1329 1405 1364 subditos
1422 1342 1512 1366 suos.

954 1383 1099 1419 XVIII.
1114 1385 1387 1420 Postliminium
1405 1389 1577 1433 quomodo
1591 1391 1648 1425 ob-

1116 1448 1295 1477 servatum
1307 1444 1399 1478 inter
1415 1457 1479 1488 eos,
1495 1447 1556 1492 qui
1572 1448 1649 1482 lios-

1116 1506 1162 1533 τετε
1178 1511 1250 1534 non
1265 1507 1367 1535 erant
1381 1514 1392 1534 .·

969 1555 1080 1590 XIX.
1117 1556 1271 1599 Quando
1292 1558 1331 1591 id
1347 1559 1510 1605 hodieque
1532 1561 1648 1596 locum

1114 1614 1237 1650 habere
1251 1616 1373 1661 possit.

170 1777 205 1819 Ι.
246 1779 270 1819 1
314 1778 520 1880 SICUT
556 1778 608 1820 de
639 1778 704 1821 his
739 1793 832 1835 quae
866 1794 919 1822 ex
952 1780 1139 1824 hostibus
1169 1783 1400 1839 capiuntur,
1426 1785 1486 1828 ita
1516 1792 1558 1829 et
1592 1787 1644 1830 de

400 1844 637 1900 postliminii
663 1844 761 1900 jure
795 1845 898 1887 nihil
931 1846 1062 1889 ferme
1091 1849 1179 1890 sani
1206 1850 1481 1905 prodiderunt
1504 1852 1548 1893 hi
1573 1853 1643 1908 qui

169 1909 388 1951 retroactis
410 1910 569 1952 saeculis
586 1910 694 1966 juris
718 1911 992 1969 cognitionem
1016 1914 1191 1969 professi
1215 1921 1324 1960 sunt.
1396 1918 1643 1961 Accuratius

168 1975 259 2017 haec
280 1989 347 2017 res
370 1990 395 2017 a
418 1976 626 2019 veteribus
652 1977 852 2020 Romanis
881 1984 1064 2022 tractata
1099 1986 1174 2030 est,
1217 1982 1291 2023 sed
1328 1997 1438 2039 saepe
1474 1985 1642 2027 confuse

167 2040 299 2091 nimis,
336 2041 394 2083 ita
418 2048 464 2085 ut
485 2057 577 2099 quae
598 2043 705 2099 juris
728 2044 927 2101 gentium,
964 2060 1140 2103 quaeque
1175 2046 1304 2090 civilis
1338 2049 1516 2091 Romani
1552 2065 1640 2093 esse

168 2107 336 2160 vellent,
361 2107 492 2151 lector
516 2109 708 2165 nequiret
731 2110 999 2168 distinguere.

266 2175 293 2215 2
333 2173 400 2216 De
424 2189 523 2217 voce
540 2177 806 2230 postliminii
823 2177 1046 2233 rejicienda
1061 2178 1194 2222 Servii
1215 2180 1431 2232 sententia,
1454 2182 1525 2238 qui
1543 2197 1639 2239 par-
1658 2205 1740 2229 moer.
1760 2206 1825 2236 Top.

1608 2249 1616 2258 .
1658 2243 1680 2260 e.
1692 2237 1715 2260 8.
1726 2238 1750 2260 et
1761 2236 1826 2261 ibid.

165 2244 250 2282 tem
270 2239 358 2297 ejus
380 2241 654 2298 posteriorem
676 2242 989 2298 productionem
1012 2250 1132 2301 putat
1156 2260 1245 2289 esse
1268 2248 1386 2290 verbi
1406 2248 1494 2291 sine
1512 2249 1638 2307 sigm-
1658 2266 1755 2291 noem.

555 2429 738 2465 CHAPTER
762 2431 832 2467 IX.
887 2432 946 2481 Of
960 2434 1242 2470 Postliminium.

236 2515 267 2550 1.
319 2519 338 2550 1
373 2516 497 2552 Those
527 2517 609 2552 who
634 2518 674 2552 in
697 2520 869 2565 previous
893 2533 980 2568 ages
1005 2522 1101 2558 have
1130 2524 1277 2559 treated
1312 2524 1356 2559 of
1374 2527 1448 2571 juS,
1478 2537 1517 2561 as
1547 2527 1638 2574 they

165 2571 262 2606 have
282 2572 392 2617 given
411 2584 460 2608 no
486 2575 606 2609 sound
636 2576 734 2611 rules
762 2579 986 2624 concerning
1006 2583 1178 2626 captures
1207 2581 1305 2615 from
1327 2581 1391 2616 the
1422 2593 1567 2629 enemy,
1595 2596 1635 2619 so

165 2628 260 2663 have
277 2629 367 2675 they
382 2630 490 2675 given
507 2642 556 2666 no
573 2633 692 2667 sound
709 2634 806 2669 rules
824 2637 1049 2681 concerning
1061 2638 1333 2682 postliminium.
1386 2639 1475 2674 This
1493 2641 1636 2685 subject

166 2697 238 2720 was
259 2687 405 2721 treated
425 2699 529 2722 more
555 2690 767 2736 accurately
787 2691 836 2737 by
857 2692 920 2727 the
942 2693 1004 2727 old
1025 2694 1201 2735 Romans,
1227 2694 1296 2729 but
1323 2694 1427 2730 often
1452 2700 1516 2731 too
1546 2709 1634 2732 con-

164 2743 331 2789 fusedly3
357 2755 397 2778 so
416 2744 499 2779 that
519 2745 583 2780 the
604 2747 736 2781 reader
754 2759 826 2782 was
847 2753 913 2783 not
934 2749 1017 2784 able
1035 2754 1074 2784 to
1093 2750 1313 2796 distinguish
1333 2752 1431 2787 what
1451 2753 1636 2800 belonged

164 2803 205 2835 to
225 2800 290 2835 the
311 2801 416 2836 Laws
438 2802 481 2836 of
497 2803 534 2836 N
537 2803 667 2845 ations,
691 2804 765 2838 and
785 2805 883 2840 what
904 2809 943 2840 to
964 2806 1028 2841 the
1047 2807 1141 2841 Civil
1162 2819 1204 2842 or
1224 2809 1371 2843 Roman
1391 2810 1490 2845 Law.

236 2862 258 2892 2
288 2858 391 2892 With
406 2860 539 2905 regard
553 2864 591 2895 to
609 2860 674 2896 the
690 2862 791 2896 word
802 2863 1074 2908 postliminium,
1090 2875 1144 2900 we
1160 2869 1259 2900 must
1271 2867 1387 2911 reject
1403 2866 1467 2903 the
1484 2869 1636 2914 opinion

165 2914 208 2949 of
226 2915 386 2958 Servius,
407 2916 489 2952 who
514 2917 639 2953 thinks
662 2918 744 2954 that
766 2919 830 2955 the
853 2920 966 2956 latter
985 2925 1070 2968 part
1088 2922 1131 2958 of
1144 2922 1207 2958 the
1228 2923 1328 2959 word
1349 2924 1379 2960 is
1399 2935 1422 2960 a
1438 2925 1635 2972 lengthen-
