1971 3326
338 186 422 226 210
691 187 1163 226 TEMPERAMENTUM
1195 186 1345 222 CIROA
1375 188 1466 223 JUS
1621 183 1719 232 [Lm.
1740 187 1811 222 111.

122 313 320 340 nectem-m
340 301 612 356 beneficentia
636 301 844 341 adversus
867 297 1082 352 supplices
1104 296 1320 338 utendum.
1390 295 1454 337 At
1478 296 1661 338 Seneca:
1683 298 1813 350 fera-

339 383 450 417 rum,
476 382 550 410 nec
565 379 867 422 qenerosarum
885 364 1068 416 quidem,
1086 363 1362 417 permordere
1387 369 1425 403 et
1443 376 1593 416 uryere
1617 363 1812 417 abjecto-3.

339 435 606 490 Eleplzantes
631 433 843 484 leonesque
868 435 1094 471 transeunt
1121 442 1220 483 quoe
1250 428 1526 482 impulerunt.
1599 427 1719 484 Saepe
1742 442 1814 484 op-

340 506 563 557 portunum
588 503 650 540 est
673 496 774 538 illud
798 494 983 537 Maronis
1007 495 1207 548 (AEneid.
1235 507 1279 538 X.
1306 494 1438 548 528):

915 575 1002 610 Non
1023 573 1084 609 hic
1105 574 1260 609 victoria
1281 573 1469 609 Teucrum

572 634 756 676 Vertitur,
776 636 842 668 aut
863 632 988 668 anima
1008 643 1084 667 una
1106 631 1211 666 dabit
1231 631 1444 666 discrimina
1464 634 1581 666 tanta.

443 703 470 743 2
518 702 595 744 Est
624 700 666 742 in
696 714 785 742 eam
817 713 905 740 rem
929 696 1101 755 insignis
1127 697 1239 739 locus
1268 696 1311 738 in
1334 696 1439 739 libro
1471 702 1621 752 quarto
1649 696 1704 738 ad
1729 697 1816 738 He-

341 767 557 811 rennium:
595 768 692 809 bene
723 766 907 820 majores
929 765 1069 806 nostri
1096 764 1174 806 hoc
1201 771 1572 819 comparaverunt,
1608 771 1657 805 ut
1684 764 1817 805 nemi-

342 850 437 878 nem
471 848 624 889 reyem,
661 846 787 888 quem
822 831 962 872 armis
1007 831 1227 885 cepissent,
1264 831 1359 871 vita
1388 831 1631 885 privarent.
1699 831 1817 878 Quid

342 903 412 944 ita
427 901 449 943 ,Ρ
472 901 591 956 quia,
617 913 749 955 quam
773 898 895 939 nobis
904 897 1173 952 facultatem
1183 897 1377 948 fortuna
1400 896 1597 944 dedisset,
1617 896 1817 951 iniquum

344 975 440 1010 erat
457 969 505 1009 in
523 980 665 1009 eorum
684 964 899 1019 supplicio
918 977 1173 1010 consu-mere,
1197 976 1301 1017 quos
1316 963 1462 1003 eadem
1477 962 1666 1016 fortuna
1677 962 1818 1016 paulo

344 1041 445 1076 ante
468 1034 515 1075 in
538 1032 809 1087 amplissimo
832 1037 952 1072 statu
978 1029 1229 1070 collocarat.
1303 1028 1417 1079 Quid
1441 1029 1554 1083 quod
1585 1029 1819 1069 exercitum

344 1108 494 1142 contra
519 1099 650 1140 duxit
665 1097 687 1139 Ρ
710 1096 856 1138 desino
877 1095 1134 1136 meminisse.
1185 1095 1302 1142 Quid
1324 1095 1391 1135 ita
1407 1094 1430 1135 ?
1453 1094 1560 1149 quia
1577 1095 1667 1135 viri
1677 1094 1819 1149 fortis

344 1174 419 1214 est,
445 1165 522 1221 qui
545 1166 596 1206 de
624 1163 812 1205 victoria
840 1162 1110 1209 contendant,
1140 1175 1208 1202 eos
1230 1161 1367 1202 hostes
1387 1168 1581 1215 putare:
1609 1161 1685 1216 qui
1712 1161 1820 1201 victi

343 1240 456 1281 sunt,
493 1246 560 1274 eos
588 1230 779 1271 homines
800 1228 1040 1283 judicare,·
1076 1235 1124 1268 ‘ut
1145 1228 1288 1281 possit
1313 1227 1467 1268 bellum
1488 1227 1713 1281 fortitudo
1740 1227 1819 1267 mi-

345 1312 484 1348 nuere,
514 1311 667 1352 pacem
702 1295 954 1336 humanitas
989 1306 1152 1349 anyere.
1223 1294 1295 1341 At,
1327 1293 1401 1335 ille
1425 1294 1466 1335 si
1499 1294 1685 1346 vicisset,
1716 1307 1819 1333 num

346 1366 461 1407 idem
476 1362 695 1419 fecisset?
717 1375 801 1403 non
817 1361 1013 1417 profecto
1038 1368 1129 1401 tam
1147 1361 1321 1415 sapiens
1334 1360 1497 1414 fuisset
1513 1375 1527 1400 :
1551 1360 1659 1414 quid
1680 1361 1819 1414 iyitur

346 1432 388 1473 ei
411 1429 604 1486 parcis?
636 1429 745 1485 quia
779 1428 910 1470 talem
944 1427 1181 1469 stultitiam
1217 1434 1488 1475 contemnere,
1525 1440 1610 1468 non
1644 1426 1820 1467 imitari

347 1497 559 1540 consuevi.
633 1495 678 1537 Si
705 1494 757 1536 de
792 1492 990 1535 Romanis
1021 1492 1099 1534 hoc
1127 1491 1305 1547 accipias
1333 1491 1552 1545 (incertum
1588 1491 1696 1533 enim
1729 1491 1819 1541 hoc,

347 1578 439 1606 cum
470 1568 512 1604 et
542 1560 773 1619 peregrinis
805 1565 848 1602 et
869 1558 971 1601 fictis
994 1557 1251 1615 argumentis
1283 1562 1426 1599 utatur
1457 1557 1491 1599 is
1519 1558 1715 1613 scriptor)
1747 1557 1820 1599 ad-

346 1643 468 1672 versa
498 1629 638 1670 fronte
672 1631 832 1684 pugnat
867 1640 958 1668 cum
996 1639 1057 1674 eo,
1089 1623 1199 1680 quod
1233 1624 1432 1665 habemus
1471 1622 1513 1664 in
1551 1623 1819 1680 panegyrico,

129 1706 326 1761 Epren-Pan·
347 1695 417 1752 qui
435 1694 567 1738 dictus
591 1699 654 1736 est
675 1692 943 1735 Constantino
964 1689 1193 1733 Constantii
1218 1689 1323 1731 filio:
1349 1690 1520 1731 cautior
1543 1691 1640 1732 licet
1662 1691 1721 1731 sit
1745 1691 1821 1745 qui

127 1744 164 1762 w·
211 1755 216 1760 ”
348 1763 563 1805 devinctos
587 1761 714 1802 habet
736 1774 818 1815 per
842 1760 1012 1801 veniam
1026 1756 1282 1812 perduelles,
1298 1757 1469 1811 fortior
1494 1763 1636 1798 tamen
1660 1764 1721 1798 est
1741 1757 1821 1809 qui

348 1830 491 1872 calcat
515 1829 667 1871 iratos.
725 1825 973 1874 Renovasti,
999 1826 1259 1879 Imperator,
1279 1830 1457 1864 veterem
1480 1822 1607 1863 illam
1628 1823 1822 1864 Romani

348 1895 525 1951 imperii
547 1893 774 1947 fiduciam,
801 1906 895 1947 quoe
919 1892 971 1932 de
998 1890 1141 1946 captis
1165 1889 1352 1931 hostium
1375 1889 1556 1931 ducibus
1579 1889 1820 1930 vindictam

122 718 188 748 Cap.
202 717 239 741 16.

412 2012 424 2028 ¹'
442 2006 527 2035 Luce
543 2004 668 2043 privati
690 2002 767 2032 aliis
790 2001 914 2041 renibus
942 2001 1052 2031 dedere

349 2053 574 2093 documentum]
605 2053 713 2083 Nolim
737 2051 845 2081 reduci
872 2051 956 2080 hunc
983 2060 1052 2079 mo-

348 2114 437 2142 rem3
458 2106 566 2133 tamen
586 2104 618 2131 et
640 2100 743 2130 Josua
761 2109 853 2137 reges
871 2102 981 2137 captos
1002 2099 1050 2127 in-

349 2154 486 2185 terfecit.
517 2152 540 2183 J
544 2152 683 2190 osephus
696 2150 839 2189 Antiqua
854 2149 1005 2179 Ilistorioe
1022 2158 1051 2179 v.

350 2207 378 2234 1.
400 2207 433 2233 et
454 2204 492 2232 de
509 2202 616 2233 Sossio
638 2201 744 2230 Dion:
767 2200 953 2238 Ἀντίγονον
974 2200 1052 2238 ἐμα-

350 2255 503 2292 στίγωσε
529 2252 665 2290 σταυρῷ
686 2250 887 2289 προσδήσας·
918 2250 1052 2288 Antiqu-

349 2314 420 2334 num
434 2303 534 2342 vir-qis
548 2301 659 2331 cecidit
673 2301 839 2338 alliyatum
854 2300 950 2328 cruci.
975 2299 1052 2337 Pag.

348 2354 408 2384 463
435 2362 468 2382 Ι).
510 2352 572 2381 Sed
600 2349 731 2389 provide
761 2348 861 2385 addit,
897 2349 914 2377 ὃ
944 2349 1054 2386 μηδεὶς

349 2403 454 2433 ἄλλος
466 2401 624 2440 βασιλεὺς
637 2400 701 2429 ὑπὸ
713 2400 781 2428 τῶν
793 2398 964 2434 Ῥωμαίων
976 2399 1053 2428 ἐπε-

349 2451 476 2483 πόνθει·
507 2450 592 2491 quod
613 2458 697 2479 nemo
723 2457 829 2487 requm
854 2457 876 2477 α
899 2448 1054 2477 Romanis

1118 2000 1287 2030 victoribus
1296 1999 1483 2038 pertulerat.
1524 1999 1582 2029 Est
1598 2000 1706 2029 eadem
1721 1999 1822 2029 histo-

1118 2051 1165 2079 ria
1179 2051 1265 2088 apud
1287 2051 1464 2088 Josephum
1486 2050 1568 2079 libro
1588 2059 1646 2079 xv.
1671 2050 1759 2090 (cap.
1774 2049 1822 2088 1.)

1120 2100 1170 2129 De
1198 2100 1392 2129 Maximiano
1420 2100 1582 2129 Herculio.
1639 2100 1757 2138 [Immo
1785 2100 1823 2130 de

1122 2149 1336 2179 Constantino.
1379 2149 1416 2179 J.
1431 2149 1493 2188 B]
1537 2148 1714 2188 Eutropius
1740 2150 1822 2180 libro

1120 2208 1159 2229 x.
1173 2209 1200 2228 c.
1215 2202 1244 2228 2.
1267 2200 1356 2229 caesis
1369 2199 1506 2229 Francis
1521 2203 1612 2238 atque
1628 2200 1823 2236 Alemannis,

1120 2250 1280 2288 captisque
1293 2259 1397 2279 eorum
1412 2251 1546 2288 reqibus,
1561 2259 1638 2288 quos
1648 2251 1741 2279 etiam
1755 2251 1823 2280 bes-

1120 2301 1185 2337 lii-5¹,
1205 2309 1272 2329 cum
1287 2299 1484 2337 maynq'fieum
1497 2300 1706 2337 spectaculum
1719 2310 1823 2330 mune-

1120 2350 1167 2378 ris
1176 2352 1336 2388 parasset,
1350 2348 1472 2385 objecit.
1513 2349 1563 2378 De
1578 2359 1654 2388 rege
1669 2350 1823 2379 Aleman-

1120 2408 1232 2428 norum
1249 2398 1393 2436 patibulo
1407 2398 1519 2427 suffixo
1534 2399 1604 2428 vide
1619 2400 1823 2430 Ammianum

1122 2457 1236 2478 xxvu.
1254 2447 1340 2487 (cap.
1354 2447 1403 2486 2.)
1432 2447 1670 2479 Theuderichus
1684 2459 1739 2480 rex
1753 2451 1823 2481 Wi-

351 2619 498 2652 Roman
524 2617 648 2663 people
672 2619 716 2664 by
743 2629 870 2664 mercy.
921 2618 1071 2653 Tacitus
1096 2619 1354 2655 recommends
1381 2619 1564 2656 keenness
1591 2618 1736 2665 against
1756 2618 1821 2654 tho

351 2686 495 2720 enemy,
520 2674 696 2710 kindncss
722 2675 880 2710 towards
908 2674 971 2710 the
1001 2677 1203 2722 suppliant.
1255 2678 1398 2713 Seneca
1420 2688 1501 2724 says
1522 2676 1604 2711 that
1630 2677 1660 2711 it
1680 2676 1710 2711 is
1731 2676 1820 2722 only

350 2731 414 2766 the
430 2732 539 2766 baser
555 2731 640 2765 wild
658 2732 783 2767 beasts
800 2732 919 2767 which
940 2736 1021 2767 tear
1043 2733 1146 2768 them
1173 2733 1255 2769 that
1286 2746 1350 2770 are
1371 2735 1499 2776 down3
1525 2733 1720 2779 elephants
1746 2731 1821 2767 and

350 2788 444 2823 lions
462 2799 545 2834 pass
563 2788 666 2824 them
683 2789 743 2836 by.
795 2790 845 2824 So
863 2790 995 2836 Virgil,
1013 2790 1056 2825 of
1068 2791 1131 2826 the
1153 2792 1291 2836 Trojan
1309 2792 1459 2837 feeling.

420 2849 441 2878 2
473 2845 593 2880 There
622 2846 652 2880 is
688 2858 710 2881 a
736 2858 891 2893 passage
920 2851 959 2882 to
988 2848 1061 2882 this
1088 2849 1198 2883 effect
1229 2849 1268 2882 in
1299 2849 1364 2884 the
1390 2848 1491 2883 book
1517 2848 1567 2882 ad
1585 2845 1822 2887 Herennium,

349 2899 469 2934 which
494 2902 633 2946 praises
664 2903 729 2938 the
759 2905 924 2939 Romans
949 2905 1010 2940 for
1042 2906 1194 2951 spat-ing
1223 2905 1330 2941 those
1356 2906 1447 2952 they
1477 2904 1553 2939 had
1578 2901 1819 2948 vanquished.

349 2957 424 2991 But
441 2960 480 2991 ¹30
501 2957 584 2999 thisss
603 2959 711 2994 other
731 2972 902 3008 passages
925 2974 1009 3009 may
1026 2962 1074 2997 be
1095 2963 1272 3008 opposed,
1293 2974 1332 2999 as
1355 2962 1419 2998 the
1440 2960 1643 3008 panegyric
1664 2959 1707 2994 of
1726 2959 1823 2994 Con-
