1971 3326
703 198 765 232 Ao
797 196 1097 232 VERBORUM.

103 317 186 347 idem
202 327 272 347 cum
283 320 399 348 mente.
424 318 452 348 ii.
470 318 519 353 16,
533 318 563 346 8.
589 316 770 354 Adaequata
784 324 866 353 quae,

103 370 136 397 et
150 368 225 406 quid
241 372 400 406 operetur.
431 368 509 398 ibid.

62 416 210 446 Rationis
223 417 373 446 identitas
387 418 514 456 quando
529 417 658 445 inducat
672 415 866 446 extensivam

103 467 411 505 interpretationem.
432 467 464 497 ii.
482 467 529 503 16,
541 468 589 503 20,
604 468 623 495 2

64 517 161 546 Bazis
175 526 270 546 mors.
293 517 324 546 ii.
340 517 389 553 19,
401 518 430 553 5,
444 518 464 545 4

64 566 238 604 Redempti
253 576 291 595 ex
305 567 491 604 captivitate
506 566 699 604 redemptori
710 564 868 604 quomodo

106 619 289 647 teneantur.
312 616 354 645 iii.
372 617 402 653 9,
413 619 461 653 10,
476 619 495 646 2

64 667 211 696 Rediisse
225 667 264 695 ad
279 667 403 696 hostem
416 668 486 705 quis
501 667 662 696 dicendus.
685 666 728 695 iii.
745 667 794 702 28,
812 667 851 695 13

66 717 195 747 Redimi
219 717 362 756 captivos
390 720 423 746 et
451 727 558 747 servos
585 718 707 756 factos,
731 725 870 755 aequum.

106 767 148 796 iii.
164 768 212 803 21,
228 768 268 796 24

68 816 227 856 Regimen
248 826 313 845 non
337 825 431 846 omne
456 817 523 856 ejus
546 825 641 846 causa
662 816 716 855 qui
737 816 870 855 regitur.

109 867 129 897 i.
144 869 173 902 3,
187 869 219 901 8,
234 869 273 896 14

68 917 185 956 Regna
200 917 304 946 media
322 917 406 946 inter
420 917 600 946 absolutum
617 920 649 946 et
669 916 873 945 Laconicum.

108 967 128 996 i.
145 969 173 1004 3,
188 968 237 1004 20,
253 969 280 997 1.
323 968 353 996 A
369 968 488 1006 populo
503 967 609 996 delata
629 967 661 995 111
677 966 772 995 dubio
790 966 873 994 indi-

109 1018 214 1047 vidua.
236 1018 267 1048 ii.
293 1019 323 1053 7,
345 1019 393 1047 14.
437 1018 510 1048 Non
537 1018 725 1047 deferuntur
746 1017 786 1045 ad
810 1026 873 1053 eos,

109 1068 164 1106 qui
179 1077 198 1096 a
216 1068 319 1106 primo
334 1079 410 1107 rege
425 1078 489 1097 non
505 1068 713 1098 descendunt.
731 1068 763 1096 ii.
780 1068 808 1103 7,
823 1068 873 1097 15.

110 1118 184 1147 Non
200 1119 330 1148 veniunt
344 1120 384 1148 ad
399 1118 559 1148 naturales
574 1127 632 1147 nec
644 1118 685 1146 ad
696 1118 874 1156 adoptivos.

109 1167 142 1197 ii.
158 1168 186 1204 7,
202 1167 250 1198 16.
273 1169 327 1197 Ad
341 1177 444 1197 mares
458 1167 589 1196 veniunt
603 1167 709 1205 potius
724 1176 819 1205 quam
834 1167 875 1195 ad

111 1217 268 1248 foeminas.
297 1218 328 1247 ii.
349 1218 378 1254 7,
403 1218 452 1248 17.
495 1218 664 1252 Quomodo
692 1217 876 1246 deferantur

109 1276 169 1305 per
189 1268 417 1297 successionem
439 1268 479 1296 ab
499 1267 663 1298 intestato.
685 1267 718 1297 ii.
740 1268 770 1302 7,
788 1269 835 1304 10,
847 1269 876 1304 2,

113 1316 141 1346 δι
158 1317 176 1356 ξ
190 1320 237 1354 11,
251 1319 280 1347 2.
322 1317 550 1347 Patrimonalia
564 1318 728 1356 pervenire
743 1321 877 1355 possunt

112 1368 153 1396 ad
168 1377 233 1406 eos,
250 1368 304 1406 qui
324 1378 342 1397 a
363 1368 466 1406 primo
487 1377 563 1407 rege
583 1377 647 1397 non
669 1368 876 1399 descendunt.

113 1417 145 1448 ii.
160 1419 189 1455 7,
204 1420 241 1447 12

72 1468 181 1506 Regni
195 1471 227 1497 et
242 1468 437 1507 principatus
448 1478 540 1497 voces
554 1468 734 1507 significatu
747 1467 877 1506 proprio

114 1522 147 1548 et
159 1519 346 1557 improprio.
367 1519 387 1548 i.
404 1520 433 1555 3,
449 1520 495 1555 10,
512 1521 541 1557 1,
557 1521 586 1550 2.
627 1520 718 1548 Pleni
738 1520 802 1548 sive
821 1520 877 1548 ab·

114 1568 211 1598 soluti
222 1569 381 1606 exempla.
401 1569 421 1597 i.
438 1570 466 1605 3,
480 1570 509 1605 S,
524 1570 553 1598 8.
596 1569 626 1598 A
641 1569 761 1608 populo
781 1569 877 1598 delati

115 1628 275 1648 successor
289 1628 353 1648 non
367 1622 496 1649 tenetur
509 1619 550 1648 ad
560 1628 657 1649 onera
666 1619 879 1649 haereditaria.

113 1670 192 1699 ibid.

76 1719 239 1758 Regnum.
266 1720 342 1749 Vide
371 1719 560 1757 Imperium.
603 1719 771 1754 Quomodo
799 1719 878 1747 divi-

117 1770 223 1806 datur,
245 1772 277 1799 et
296 1779 359 1807 quo
382 1769 507 1798 effectu.
528 1769 560 1797 ii.
581 1769 612 1802 9,
633 1771 680 1798 10.
723 1769 880 1797 Patrimo-

117 1818 210 1855 niale,
233 1819 258 1848 si
281 1819 322 1848 sit
349 1819 556 1855 individuum,
585 1819 719 1848 debetur
743 1819 880 1847 maximo

117 1872 205 1899 natu.
227 1870 259 1898 ii.
274 1870 304 1906 7,
318 1871 368 1900 23.
409 1872 441 1899 A
456 1869 576 1907 populo
591 1869 730 1898 delatum
749 1872 797 1898 est
816 1869 880 1897 hae-

118 1920 237 1949 reditas
251 1922 398 1958 separata
407 1922 514 1948 cetera
525 1919 719 1948 haereditate.
748 1918 780 1947 ii.
793 1920 820 1954 7,
833 1918 880 1948 19.

120 1969 234 1999 Italiae.
258 1969 290 1999 ii.
304 1969 334 2006 9,
350 1972 397 2005 11,
411 1971 440 2005 4,
456 1971 476 1999 3

79 2019 215 2057 Regula,
243 2020 416 2048 secundum
445 2022 589 2048 naturam
619 2028 697 2055 esse,
724 2021 760 2048 ut
788 2027 882 2057 quem

118 2071 296 2107 sequuntur
309 2069 508 2097 incommoda
522 2071 554 2098 et
569 2069 734 2097 commoda
748 2078 883 2107 sequan-

120 2122 183 2155 tur,
199 2119 359 2158 quomodo
372 2119 593 2157 intelligenda.
616 2119 649 2149 ii.
664 2120 692 2155 8,
708 2119 746 2148 16

82 2169 217 2207 Regulae
238 2169 277 2197 de
296 2178 332 2197 eo
351 2168 437 2206 quod
451 2168 527 2197 licet
541 2168 573 2196 in
588 2168 681 2198 bello.
703 2169 745 2197 iii.
765 2170 794 2206 1,
809 2170 837 2204 2,
851 2171 882 2205 3,

119 2220 150 2248 4.
205 2219 308 2257 Super
323 2218 605 2247 deliberationibus
619 2219 765 2256 politicis.
787 2219 820 2248 ii.
835 2220 883 2255 24,

121 2270 150 2306 5,
166 2270 194 2305 1,
209 2271 229 2298 4

81 2320 234 2349 Relatum
247 2319 281 2348 in
295 2320 463 2349 referente.
485 2320 527 2348 iii.
545 2321 593 2355 20,
610 2321 649 2348 24

82 2369 210 2407 Religio
226 2379 289 2407 quo
304 2378 398 2398 sensu
405 2369 488 2407 juris
502 2369 657 2407 gentium.
678 2369 710 2398 ii.
727 2370 776 2405 20,
789 2370 838 2405 45,
852 2371 882 2404 3,

123 2419 151 2448 &
174 2419 192 2458 ἓ
213 2419 264 2457 46,
283 2421 312 2448 3.
357 2419 546 2456 Christiana,
568 2429 632 2457 qua
653 2419 723 2448 talis
744 2420 884 2457 proprie,

123 2470 321 2499 naturalibus
342 2469 540 2507 argumentis
560 2479 624 2498 nou
645 2470 766 2499 nititur.
790 2470 821 2499 ii.
836 2472 884 2507 20,

123 2520 174 2555 48,
190 2520 220 2554 1,
235 2520 254 2546 2

83 2567 262 2606 Religionis
286 2567 420 2605 publicae
446 2571 549 2597 status
575 2569 660 2607 apud
687 2569 840 2598 Hebraeos
867 2579 886 2598 a

126 2627 202 2656 rege
218 2617 389 2655 pendebat.
411 2617 431 2645 i.
448 2619 479 2651 4,
495 2617 523 2653 6,
537 2619 566 2654 3,
580 2620 609 2646 4.
651 2619 711 2648 Jus
727 2620 767 2648 ad
788 2619 887 2648 socie-

127 2670 227 2696 tatem
242 2667 420 2696 humanam.
441 2667 475 2696 ii.
489 2668 537 2703 20,
552 2669 600 2703 44,
614 2669 634 2697 3

87 2718 290 2756 Religionem
304 2717 396 2745 multi
411 2716 527 2745 affectu
543 2725 605 2745 non
613 2717 735 2755 judicio
750 2727 888 2756 sequun-

129 2770 194 2797 tur.
234 2767 309 2796 ibid.

89 2817 254 2855 Religiosa
273 2815 349 2845 belli
365 2815 438 2854 jure
461 2815 677 2844 destruuntur.
698 2815 742 2844 iii.
760 2816 789 2852 5,
806 2817 836 2850 2,
859 2817 891 2846 4.

130 2868 216 2897 Loca
230 2866 373 2895 hostibus
387 2865 536 2904 religiosa
550 2874 612 2894 non
625 2868 708 2894 sunt.
730 2865 771 2894 iii.
784 2867 812 2902 5,
828 2867 855 2901 2,
865 2866 883 2895 6

91 2916 263 2955 Religiosis
277 2916 355 2944 locis
370 2916 563 2953 parcendum
578 2915 609 2944 in
624 2915 719 2944 bello.
739 2915 782 2944 iii.
799 2917 846 2951 12,
860 2916 877 2945 7

93 2966 303 2996 Renuntiare.
330 2964 405 2994 Vide
419 2965 590 2994 Abdicare.

1659 185 1740 225 435

935 312 1146 342 Renuntiatio
1162 312 1201 341 de
1215 320 1315 349 regno
1330 320 1369 339 an
1386 312 1500 339 noceat
1520 308 1626 338 liberis
1648 308 1742 344 natis,

975 366 1008 392 et
1023 372 1062 391 an
1079 361 1257 391 nascituris.
1279 361 1313 390 ii.
1329 362 1358 396 7,
1373 361 1411 389 26

935 412 1096 450 Repetere
1113 410 1212 449 (11011)
1227 411 1312 439 aliud
1329 419 1421 448 quam
1439 410 1523 439 (lare.
1546 410 1579 438 ii.
1595 411 1641 445 13,
1657 409 1676 438 5

936 460 1191 499 Repraesentatio
1206 459 1291 497 apud
1308 459 1474 487 Hebraeos.
1495 457 1526 486 ii.
1542 459 1570 493 7,
1585 457 1613 487 6.
1659 457 1740 486 Ger-

974 510 1077 539 manis
1102 519 1172 539 sero
1200 509 1342 547 cognita.
1363 509 1395 538 ii.
1422 511 1449 544 7,
1472 509 1521 544 30,
1547 510 1575 537 1.
1618 507 1656 535 111
1683 507 1741 535 du-

976 561 1028 589 bio
1056 560 1263 589 admittenda.
1301 559 1378 589 ibid.
1419 558 1493 587 Non
1528 559 1676 594 surrogat
1711 556 1742 584 in

978 610 1190 648 privilegium,
1205 609 1289 647 quod
1305 618 1398 637 sexus
1408 611 1464 637 aut
1475 607 1578 637 aetatis
1589 610 1656 636 erat
1668 615 1744 644 pro-

977 660 1092 699 prium.
1114 660 1146 689 ii.
1163 661 1193 694 7,
1211 661 1258 696 18,
1281 658 1308 688 δῦ
1321 659 1353 688 11.
1366 660 1413 695 30,
1429 660 1448 688 2

938 709 1242 748 Repraesentationis
1252 709 1306 747 jus
1321 709 1416 738 unde.
1440 709 1471 739 ii.
1487 709 1516 745 7,
1530 708 1549 739 6

938 761 1148 799 Repressaliae
1164 760 1252 798 quid.
1275 761 1318 789 iii.
1335 762 1363 797 2,
1378 762 1397 789 4

938 811 1212 850 Repressaliarum
1233 811 1369 840 facultas
1390 810 1554 849 impetrari
1568 819 1587 838 a
1601 808 1744 847 principe

979 862 1071 891 solet.
1093 861 1138 891 iii.
1153 863 1181 897 2,
1196 862 1224 897 7,
1240 863 1268 889 2.
1313 861 1394 890 Jura
1408 860 1469 889 alia
1483 863 1557 889 sunt
1567 860 1649 897 juris
1663 868 1744 897 gen-

978 911 1069 947 tium,
1084 910 1236 949 aliajuris
1251 910 1361 940 civilis.
1384 910 1426 938 iii.
1443 911 1470 946 2,
1486 910 1514 945 7,
1529 910 1559 945 2,
1575 910 1594 938 3

940 961 1151 999 Repressaliis
1173 960 1227 999 qui
1242 960 1337 998 culpa
1358 969 1414 988 sua
1435 968 1561 989 causam
1580 958 1746 993 dederunt,

980 1014 1131 1041 tenentur
1153 1021 1218 1048 eos,
1240 1011 1294 1049 qui
1317 1011 1467 1039 damnum
1490 1009 1574 1049 passi
1593 1012 1677 1045 sunt,
1696 1009 1745 1037 in-

981 1061 1110 1090 demnes
1130 1064 1292 1100 praestare.
1314 1061 1357 1090 iii.
1377 1062 1406 1097 2,
1420 1061 1448 1096 7,
1463 1062 1492 1090 4.
1536 1059 1676 1089 Obnoxii
1691 1058 1745 1096 qui

982 1111 1057 1140 sint.
1078 1111 1120 1140 iii.
1138 1113 1166 1148 2,
1176 1113 1205 1147 5,
1220 1113 1248 1140 2.
1292 1111 1365 1140 Non
1380 1111 1515 1139 subsunt
1529 1109 1628 1147 legati
1645 1111 1677 1137 et
1697 1117 1748 1136 res

983 1170 1103 1190 eorum.
1125 1161 1167 1190 iii.
1184 1162 1212 1197 2,
1228 1161 1256 1197 7,
1272 1162 1299 1190 2.
1343 1160 1447 1189 Eximi
1459 1159 1531 1197 lege
1546 1158 1628 1187 civili
1643 1157 1748 1186 solent

982 1211 1142 1246 mulieres,
1155 1210 1306 1244 infantes,
1322 1219 1372 1239 res
1387 1209 1612 1244 studiosorum,
1630 1210 1687 1236 aut
1707 1207 1747 1236 ad

984 1260 1141 1289 nundinas
1157 1261 1270 1289 missae.
1290 1259 1368 1289 ibid.

944 1310 1009 1339 Res
1023 1310 1160 1348 repetita
1175 1309 1251 1347 quid
1269 1308 1436 1347 significet.
1460 1308 1502 1338 iii.
1521 1309 1550 1343 3,
1566 1308 1593 1344 7,
1611 1308 1639 1336 1.
1682 1307 1749 1336 Ra-

983 1369 1059 1398 pere
1084 1359 1160 1397 quid
1187 1359 1349 1388 veteribus
1376 1358 1511 1387 Latinis.
1539 1357 1583 1387 iii.
1606 1359 1636 1395 4,
1661 1358 1690 1393 1,
1719 1358 1748 1385 1.

985 1409 1133 1439 Reddere
1169 1418 1227 1447 pro
1260 1407 1372 1446 quavis
1399 1407 1625 1437 satisfactione.
1671 1405 1748 1435 ibid.

985 1460 1124 1488 Possunt
1160 1458 1239 1496 capi,
1274 1458 1370 1487 etiam
1397 1458 1430 1486 in
1459 1456 1749 1495 compensationem

985 1510 1083 1539 debiti
1096 1509 1129 1537 in
1143 1509 1227 1538 bello
1242 1507 1471 1537 subnascentis.
1492 1507 1536 1536 iii.
1552 1508 1579 1543 1,
1595 1507 1623 1543 3,
1636 1505 1663 1535 δι
1680 1515 1752 1544 cap.

986 1561 1034 1598 13,
1050 1562 1078 1595 3,
1096 1561 1123 1589 1.
1150 1558 1299 1587 Hostium
1316 1557 1449 1596 perdere
1469 1565 1635 1595 quousque
1655 1555 1751 1584 liceat

982 1608 1111 1646 justitia
1124 1609 1258 1637 interna.
1280 1607 1324 1636 iii.
1346 1609 1393 1643 12,
1410 1608 1436 1636 1.
1467 1606 1664 1641 Amicorum,
1679 1614 1751 1643 quae

985 1659 1189 1697 reperiuntur
1215 1658 1247 1685 111
1276 1657 1407 1685 navibus
1430 1656 1580 1690 hostium,
1607 1663 1646 1683 an
1674 1654 1751 1683 belli

984 1709 1056 1746 jure
1082 1708 1296 1745 acquirantur.
1319 1706 1362 1734 iii.
1391 1705 1421 1742 6,
1442 1706 1471 1741 5,
1493 1704 1522 1734 6.
1564 1703 1610 1733 Et
1637 1703 1751 1732 modus

987 1758 1071 1786 cirea
1093 1756 1261 1794 imperium
1287 1756 1539 1794 distinguuntur.
1559 1754 1580 1782 i.
1605 1755 1635 1790 3,
1656 1755 1704 1789 11,
1723 1754 1752 1782 1.

989 1806 1062 1835 Νο11
1078 1806 1239 1844 perductae
1253 1806 1338 1834 intra
1347 1804 1492 1842 praesidia
1501 1803 1674 1832 dominium
1688 1811 1752 1832 non

988 1858 1124 1884 mutant.
1146 1855 1188 1883 iii.
1205 1854 1232 1891 6,
1248 1856 1276 1890 3,
1293 1853 1320 1883 ὣ
1337 1864 1405 1892 cap.
1422 1854 1451 1890 9,
1466 1854 1513 1890 16,
1529 1856 1546 1883 1

951 1905 1061 1935 Rebus
1076 1905 1116 1934 ad
1131 1905 1250 1934 bellum
1265 1914 1329 1933 non
1343 1904 1534 1933 facientibus
1547 1905 1754 1942 parcendum.

989 1956 1034 1986 iii.
1051 1957 1098 1991 14,
1112 1957 1131 1985 5

951 2006 1071 2034 Rerum
1087 2006 1228 2034 defensio
1242 2014 1282 2034 an
1292 2005 1345 2043 jus
1360 2005 1414 2034 det
1426 2005 1598 2033 occidendi.
1619 2005 1650 2033 ii.
1664 2006 1691 2040 1,
1706 2006 1755 2035 11.

993 2056 1222 2085 Servandarum
1245 2064 1339 2083 causa
1353 2055 1398 2083 vis
1419 2064 1477 2092 per
1493 2054 1700 2093 Evangelium
1715 2064 1756 2083 an

991 2108 1024 2134 et
1040 2108 1196 2144 quatenus
1210 2105 1310 2134 licita.
1332 2104 1364 2134 ii.
1379 2106 1406 2140 1,
1422 2105 1460 2133 13

952 2155 1150 2194 Reipublicae
1172 2156 1292 2184 bonum
1318 2164 1357 2183 an
1383 2153 1484 2182 nostri
1508 2156 1634 2182 tantum
1662 2163 1758 2182 causa

991 2206 1213 2234 desideremus,
1243 2205 1274 2234 ii.
1304 2206 1332 2241 1,
1360 2204 1389 2239 9,
1418 2205 1447 2232 2.
1489 2203 1607 2232 Forma
1633 2206 1758 2232 mutata

992 2255 1078 2293 apud
1092 2255 1201 2291 victos,
1217 2257 1250 2284 et
1264 2264 1305 2283 an
1320 2258 1417 2282 recte.
1438 2253 1480 2281 iii.
1497 2253 1545 2289 15,
1561 2253 1581 2281 8

953 2304 1148 2334 Rescissoria
1161 2304 1244 2333 aetio
1259 2313 1298 2333 ex
1312 2301 1508 2342 postliminio
1529 2302 1614 2339 apud
1635 2302 1757 2331 Roma-

994 2363 1062 2383 nos.
1084 2354 1127 2383 iii.
1139 2354 1169 2391 9,
1186 2355 1234 2389 10,
1250 2355 1269 2382 3

953 2405 1115 2434 Resistere
1129 2413 1169 2432 an
1184 2404 1278 2432 liceat
1293 2402 1448 2441 superiori
1462 2403 1494 2431 in
1509 2412 1632 2432 summa
1646 2412 1757 2433 neces-

995 2455 1098 2483 sitate.
1123 2454 1142 2483 i.
1159 2455 1189 2489 4,
1204 2455 1231 2489 7,
1246 2455 1276 2487 2,
1291 2454 1311 2482 4

954 2506 1152 2535 Resistentia
1166 2504 1328 2533 obstinata
1342 2512 1406 2532 non
1422 2503 1535 2532 sufficit
1545 2503 1644 2541 adjus
1658 2503 1758 2533 inter-

994 2565 1070 2584 num
1094 2554 1257 2584 occidendi
1279 2553 1489 2582 resistentem.
1512 2553 1555 2581 iii.
1582 2554 1632 2587 12,
1656 2553 1706 2588 16,
1730 2555 1762 2584 1.

996 2605 1118 2643 Aliqua
1132 2604 1164 2632 in
1180 2603 1338 2632 delatione
1353 2602 1477 2640 imperii
1490 2603 1643 2631 reservari
1659 2603 1760 2632 inter-

996 2655 1070 2683 dum
1085 2654 1177 2682 solet.
1199 2653 1218 2681 i.
1233 2654 1263 2688 4,
1278 2654 1315 2680 12

957 2703 1151 2741 Respublica
1173 2711 1237 2731 non
1260 2703 1388 2731 tenetur
1409 2710 1448 2730 ex
1469 2700 1554 2729 facto
1576 2701 1706 2732 subditi.
1726 2702 1761 2732 ii.

997 2754 1046 2788 22,
1062 2754 1090 2788 2,
1106 2754 1122 2780 1

958 2802 1141 2831 Restituere
1165 2800 1220 2838 qui
1240 2803 1411 2829 teneantur
1436 2800 1592 2837 faciendo,
1613 2803 1669 2830 aut
1695 2810 1761 2830 non

997 2851 1152 2880 faciendo.
1173 2850 1207 2880 ii.
1223 2851 1272 2885 17,
1287 2850 1306 2879 6

959 2900 1134 2931 Restitutio
1149 2909 1212 2928 non
1227 2899 1361 2929 debetur
1376 2908 1414 2928 ex
1425 2899 1508 2928 bello
1517 2899 1606 2937 justo
1617 2900 1656 2928 ob
1670 2899 1763 2929 vitio-

1000 2960 1065 2980 sam
1081 2950 1304 2980 intentionem.
1324 2949 1355 2979 ii.
1373 2951 1423 2985 22,
1439 2951 1486 2986 17,
1500 2951 1530 2980 3.
1550 2950 1670 2979 Rerum
1687 2959 1763 2988 cap-

1476 3005 1624 3045 28—2
