1971 3326
139 173 228 209 CAP.
247 172 336 217 XL]
433 174 827 209 INTERFICIENDI
856 174 914 209 IN
943 173 1109 209 BELLO
1139 173 1313 209 JUSTO.
1524 166 1608 209 217

228 284 282 324 X.
333 283 357 324 1
398 283 515 325 Idem
539 284 803 326 statuendum
828 283 1116 326 universaliter
1135 283 1186 325 de
1212 282 1406 331 maribus,
1432 296 1606 338 quorum
1627 289 1813 315 vict-‹Uoco-

137 348 232 392 vitae
253 364 385 406 genus
407 350 459 391 ab
480 349 605 391 armis
628 351 838 393 abhorret.
909 352 1018 393 Jare
1042 351 1142 392 belli
1165 351 1213 391 in
1240 354 1433 391 armatos
1455 363 1607 404 repitq-

136 424 368 471 nantesque
400 417 544 465 coedes,
577 421 623 457 ut
653 416 712 458 ait
742 416 897 467 Livius,
928 416 971 458 id
1001 422 1076 465 est,
1109 431 1157 458 eo
1172 416 1269 472 jure
1302 415 1412 471 quod
1444 421 1605 456 naturae
1624 426 1682 480 ¹⁴{·‘'
1696 426 1792 451 xxvhi

136 482 337 539 congruit.
395 481 462 523 Sic
488 483 695 538 Josephus
724 496 886 538 aequum
915 481 986 534 ait,
1014 488 1058 524 ut
1082 482 1123 523 in
1157 497 1298 539 pugna
1321 495 1462 537 poenas
1492 480 1604 530 dent,
1595 458 1689 555 ,Ξὶιι
1703 493 1755 517 xii.
1768 493 1790 516 3

136 547 207 603 qui
230 562 347 590 arma
371 553 582 604 ceperunt,
614 548 843 590 insontibus
865 563 948 590 non
971 548 1214 590 nocendum.
1274 547 1468 590 Camillus
1491 546 1605 590 Veiis
1624 562 1684 586 ων.
1694 570 1718 587 v.
1731 563 1771 586 21.

135 613 383 671 expugnatis
416 613 556 663 edixit,
595 620 641 656 ut
676 615 728 657 ab
758 614 904 656 inermi
935 614 1228 659 abstineretur.
1285 615 1335 655 In
1369 613 1447 655 hac
1478 612 1606 655 classe

134 679 312 735 primum
336 679 514 736 ponendi
534 686 630 722 sunt
650 679 705 729 hi,
731 679 802 735 qui
822 694 940 722 sacra
957 686 1129 722 curant:
1156 695 1252 722 nam
1273 686 1319 723 ut
1337 679 1380 721 hi
1403 679 1455 721 ab
1479 679 1606 721 armis

133 745 390 789 abstinerent
420 760 507 786 mos
536 746 589 787 ab
613 745 782 801 antiquo
812 745 890 788 fuit
912 745 1098 804 gentium
1127 746 1331 789 omnium:
1363 751 1489 801 atque
1512 745 1605 787 ideo

136 811 311 853 vicissim
342 810 384 854 vi
410 811 452 852 in
485 810 575 852 illos
602 811 926 867 temperabatur.
999 811 1066 853 Sic
1099 811 1330 853 Philisthaei
1360 811 1499 853 hostes
1528 812 1604 853 Ju-

135 877 319 919 daeorum
342 892 425 919 non
440 878 643 920 nocebant
666 877 859 935 Zcollegio
878 878 1189 934 prophetarum,
1214 877 1325 933 quod
1344 882 1436 920 erat
1460 877 1602 926 Gabae,

134 948 182 985 ut
205 943 347 986 videre
368 948 431 986 est
456 945 480 984 1
503 944 614 988 Sam.
636 959 678 987 x.
703 945 730 986 5
757 950 799 986 et
824 945 894 986 10.
966 945 1022 986 Et
1046 943 1103 985 sic
1134 943 1188 985 ad
1210 943 1334 985 alium
1362 943 1508 993 locum,
1533 943 1605 985 ubi

134 1008 263 1051 simile
298 1016 389 1052 erat
423 1009 638 1067 collegium
673 1015 871 1066 tanquam
905 1009 1127 1066 sepositum
1163 1010 1216 1053 ab
1253 1009 1362 1051 omni
1396 1023 1605 1051 armorum

133 1074 295 1130 injuria,
321 1090 412 1117 cum
440 1077 629 1119 Samuele
653 1076 838 1134 confugit
859 1076 1011 1126 David,
1036 1078 1059 1118 1
1081 1078 1189 1118 Sam.
1208 1075 1292 1118 xiX.
1315 1078 1384 1119 18.
1434 1075 1605 1118 Creten-

133 1155 211 1190 ses,
241 1147 385 1183 narrat
409 1142 667 1192 Plutarchus,
698 1157 789 1184 cum
814 1142 930 1184 bellis
960 1142 1162 1184 intestinis
1183 1142 1488 1191 colliderentur,
1519 1157 1604 1184 o-m
1622 1146 1771 1206 ξῑίρξζὲΒΟ·
1774 1147 1822 1169 ‘'¹-

133 1221 227 1248 nem
250 1221 400 1249 noxam
426 1208 669 1251 abstinuisse
699 1211 748 1251 aa
771 1208 1064 1258 sacerdotibus,
1090 1214 1132 1251 et
1162 1208 1223 1258 iis,
1256 1223 1358 1264 quos
1385 1207 1604 1250 humandis

133 1273 307 1315 mortuis
328 1273 572 1329 praepositos
593 1272 869 1322 κατακαύτας
889 1275 1102 1317 vocabant.
1157 1276 1251 1316 Huc
1273 1280 1316 1316 et
1339 1274 1603 1331 proverbium

132 1338 234 1381 illud
271 1340 463 1381 Graecum
496 1340 689 1396 pertinet,
721 1336 817 1384 ουδὲ
852 1338 1079 1401 πυρφόρος
1117 1338 1383 1401 υπελείφθη.
1446 1334 1604 1382 bNotat

136 1405 300 1455 Strabo,
335 1405 430 1447 olim
461 1420 553 1447 cum
585 1412 674 1448 tota
707 1406 868 1449 Graecia
898 1407 1023 1448 armis
1057 1407 1252 1456 ferveret,
1286 1407 1422 1456 Eleos,
1457 1411 1667 1464 utpote3³
1624 1408 1642 1430 ¹
1645 1409 1679 1433 ὼ
1694 1416 1750 1433 ¹¹¹¹
1763 1416 1790 1439 Ρ·

132 1471 162 1512 J
165 1485 231 1514 ov1
254 1486 404 1521 sacros,
428 1477 471 1514 et
493 1486 634 1514 eorum
655 1472 868 1529 hospites
859 1487 901 1514 1n
924 1473 1010 1515 alta
1033 1487 1134 1529 pace
1155 1472 1316 1515 vixisse.

236 1538 263 1579 2
305 1538 596 1580 Sacerdotibus
626 1539 774 1580 merito
809 1539 886 1580 hac
914 1538 956 1579 in
989 1544 1107 1595 parte
1137 1543 1367 1594 aequantur,
1401 1538 1472 1594 qui
1506 1537 1604 1581 vitae

133 1618 265 1661 genus
297 1603 426 1646 simile
463 1604 691 1663 elegerunt,
724 1610 771 1647 ut
805 1605 994 1647 monachi
1026 1610 1068 1647 et
1100 1604 1300 1654 conversi,
1336 1604 1379 1646 id
1411 1610 1487 1655 est,
1519 1619 1605 1661 poe-

134 1715 297 1746 bardieam
310 1716 365 1745 lib.
382 1725 405 1746 1.
422 1716 472 1746 tit.
484 1717 546 1745 xiv.
562 1718 610 1746 14.
900 1717 1053 1754 ercerptis
1068 1716 1290 1745 Peirescianis.
1312 1716 1324 1754 (
1331 1716 1410 1755 Pag.
1424 1716 1513 1755 225.)
1533 1717 1606 1746 Pari

194 1771 207 1787 a
227 1766 256 1795 A
283 1766 508 1804 sacerdotibus]
551 1766 678 1795 Servius
706 1767 745 1795 ad
775 1775 835 1796 vn.
901 1767 996 1794 modo
1011 1769 1042 1795 et
1053 1766 1106 1804 qni
1116 1767 1155 1795 ad
1170 1766 1327 1805 Olympia,
1337 1766 1461 1805 Pythia,
1476 1767 1606 1802 Nemea,

134 1815 288 1845 AEneidos
302 1827 311 1845 .-
335 1825 408 1844 nam
426 1825 494 1844 eam
512 1815 695 1854 defendebat
711 1826 732 1845 a
748 1816 837 1853 bello,
902 1815 1038 1844 Isthmia
1053 1818 1208 1844 certatum
1231 1816 1329 1851 ibant,
1350 1816 1511 1844 habebant
1530 1816 1606 1844 belli

133 1867 163 1894 si
189 1875 249 1894 non
273 1869 361 1902 (εἴας,
384 1866 493 1895 saltem
517 1865 628 1904 reliyz‘o
653 1866 836 1895 sacerdotis.
901 1868 1045 1903 tempore
1060 1864 1254 1902 ἀσφάλειαν
1269 1864 1321 1893 καὶ
1343 1864 1464 1900 ἄδειαν,
1480 1865 1606 1894 tutelam

136 1914 272 1953 [Agitur
285 1914 329 1943 ibi
350 1917 475 1943 tantum
497 1915 536 1943 de
558 1915 757 1944 immunitate
779 1915 837 1944 Sa-
902 1924 941 1944 ac
983 1915 1188 1944 securitatem.
1230 1915 1358 1943 Docent
1406 1915 1606 1953 Thucydides

134 1966 297 1994 cerdotum
313 1974 332 1993 a
346 1965 468 1993 militia.
512 1964 550 1994 J.
564 1964 621 2002 B.]
900 1965 982 1993 libro
1005 1973 1037 1993 v.
1061 1966 1093 1992 et
1116 1972 1192 1993 vm.
1217 1966 1249 1993 et
1273 1964 1464 1994 Plutarchus
1493 1964 1605 1994 Arato.

193 2014 206 2035 b
226 2014 328 2044 Notat
351 2014 480 2052 Strabo]
511 2015 554 2043 Et
578 2014 728 2053 Polybius
755 2014 836 2044 libro
902 2014 993 2053 (pag.
1010 2014 1088 2044 1040
1099 2013 1152 2052 B.)

134 2073 181 2095 1v.
212 2064 297 2102 (cap.
324 2064 379 2102 73)
405 2067 437 2093 et
462 2064 623 2094 Diodorus
651 2064 774 2094 Siculus
804 2064 836 2093 in

136 2207 324 2249 Camillus,
340 2209 379 2242 in
400 2207 580 2253 storming
597 2207 693 2249 Veii,
713 2207 880 2244 directed
896 2208 961 2244 the
979 2209 1162 2244 unarmed
1179 2212 1217 2244 to
1236 2209 1283 2244 be
1299 2209 1352 2244 let
1369 2208 1490 2243 alone.

207 2266 252 2299 In
273 2265 346 2300 this
367 2265 471 2306 class,
487 2265 567 2299 first
588 2275 641 2299 we
662 2269 761 2299 must
777 2266 883 2311 place
900 2266 1023 2301 Those
1039 2266 1121 2301 who
1138 2266 1304 2312 perform
1321 2266 1449 2301 sacred
1467 2266 1601 2301 offices.

134 2322 209 2357 For
226 2322 307 2357 that
320 2322 426 2357 these
444 2322 589 2357 abstain
606 2322 701 2356 from
719 2333 828 2364 arms,
846 2323 876 2357 is
897 2334 945 2357 an
966 2324 1117 2358 ancient
1138 2327 1282 2358 custom
1304 2324 1346 2358 of
1363 2323 1412 2357 all
1432 2324 1601 2363 nations3

134 2379 210 2413 and
236 2380 275 2413 in
298 2379 360 2414 old
378 2379 480 2420 time,
502 2379 592 2424 they
609 2390 704 2414 were
722 2385 788 2414 not
804 2380 998 2415 molestcd.
1063 2381 1113 2415 So
1134 2381 1198 2415 the
1219 2381 1436 2415 Philistines
1455 2380 1515 2414 did
1536 2384 1602 2414 not

133 2435 223 2470 hurt
248 2436 313 2470 the
333 2436 461 2471 school
482 2436 525 2470 of
546 2436 610 2470 the
630 2435 810 2482 prophets
831 2435 868 2479 (l
890 2437 989 2472 Sam.
1010 2449 1043 2471 x.
1065 2442 1085 2472 5
1107 2437 1181 2471 and
1202 2433 1262 2477 10)
1283 2441 1322 2471 at
1345 2437 1465 2477 Gaba,
1479 2436 1602 2470 where

134 2493 225 2538 they
241 2492 315 2526 had
336 2504 358 2527 a
373 2493 554 2537 garrison.
590 2493 675 2526 And
695 2504 735 2527 so
753 2491 789 2535 (l
812 2493 909 2527 Sam.
934 2495 1003 2528 xix.
1029 2493 1089 2537 18)
1111 2494 1234 2528 David
1254 2494 1329 2527 and
1348 2493 1499 2527 Samuel
1513 2493 1603 2527 took

134 2549 266 2594 refuge
293 2553 332 2583 at
363 2549 516 2591 Naioth,
545 2549 667 2583 where
697 2549 804 2584 there
833 2561 906 2584 was
936 2551 1013 2585 also
1039 2562 1061 2585 a
1093 2550 1220 2585 school
1246 2550 1289 2585 of
1314 2549 1378 2584 the
1409 2549 1599 2595 prophets.

134 2605 314 2640 Plutarch
340 2605 474 2640 relates
505 2605 587 2640 that
612 2605 676 2640 the
704 2606 870 2648 Oretaus,
890 2607 929 2641 in
957 2607 1056 2642 their
1084 2607 1260 2642 intestine
1284 2617 1388 2647 wars,
1408 2606 1604 2640 abstained

135 2662 232 2696 from
252 2662 415 2707 injuring
435 2662 500 2697 the
527 2662 672 2707 priests,
699 2663 774 2696 and
798 2663 863 2698 the
889 2663 1033 2698 buriers
1063 2664 1104 2698 of
1123 2663 1188 2698 the
1218 2663 1325 2698 dead.
1378 2663 1508 2697 Hence
1538 2662 1604 2697 the

137 2718 262 2754 Greek
277 2719 449 2765 proverb,
466 2725 526 2753 not
545 2730 625 2753 even
645 2720 698 2754 the
712 2720 950 2765 pyre-liyhter
968 2732 1042 2754 was
1064 2721 1136 2766 left,
1157 2719 1265 2754 when
1286 2719 1336 2753 all
1356 2730 1453 2753 were
1473 2719 1600 2754 killed.

136 2776 272 2811 Strabo
289 2780 396 2810 notes
413 2775 544 2810 thatin
558 2776 708 2810 ancient
724 2776 843 2818 times,
861 2776 968 2811 when
988 2777 1038 2810 all
1055 2777 1198 2811 Grcece
1220 2787 1291 2810 was
1309 2776 1346 2809 in
1364 2775 1604 2810 disturbance

134 2833 223 2868 with
240 2844 349 2873 arms,
371 2832 436 2868 the
457 2833 605 2873 Eleans,
623 2844 662 2867 as
679 2833 809 2867 sacred
827 2837 866 2868 to
885 2834 1045 2878 Jupiter,
1063 2833 1137 2867 and
1155 2832 1244 2879 they
1261 2832 1343 2867 who
1361 2843 1458 2867 were
1484 2832 1604 2867 under

134 2890 233 2925 their
249 2890 477 2935 hospitality‚
495 2889 594 2924 lived
612 2890 649 2923 in
667 2890 854 2935 profound
872 2901 998 2935 peace.

208 2950 229 2981 2
259 2946 381 2992 Along
399 2947 489 2981 with
509 2947 664 2988 Pricsts,
686 2958 748 2982 arc
772 2947 949 2994 properly
969 2947 1111 2982 ranked
1129 2947 1166 2981 in
1186 2946 1258 2982 this
1280 2950 1428 2990 matter,
1449 2947 1499 2982 all
1520 2946 1603 2982 who
