1971 3326
110 182 350 227 CARXIX]
525 185 593 220 DE
625 186 745 220 FIDE
776 185 936 221 INTER
967 185 1179 222 HOSTES.
1501 181 1584 222 303

920 296 1092 342 Optimus
1113 296 1176 330 ille

399 354 555 396 Militiae,
576 354 634 390 cui
656 358 887 401 postremum
908 355 1145 401 primumque
1165 353 1263 389 tueri

399 409 528 447 ³1nter
548 412 646 447 bella
667 412 791 447 fidem.

110 476 345 532 Xenophon
373 478 581 519 Oratione
600 479 653 519 de
671 478 888 532 Ayesilao,
914 474 1028 521 οὕτω
1045 473 1168 534 μέγα
1186 474 1256 520 καὶ
1282 473 1418 520 καλὸν
1437 474 1583 529 κτῆμα
1601 492 1698 524 eaps.
1714 494 1761 524 §5.

111 544 205 589 τοῖς
241 562 295 586 τε
324 538 479 590 ἄλλοις
508 541 645 588 ἅπασι
675 543 743 587 καὶ
770 538 886 601 ἀνδρὶ
923 539 972 595 δή
1004 544 1272 603 στρατηγῷ,
1306 540 1360 586 τὸ
1385 539 1502 587 ὅσιόν
1529 563 1582 587 τε

109 607 180 651 καὶ
205 606 369 653 πιστὸν
394 611 500 653 εἶναι
529 630 581 653 τε
611 608 680 653 καὶ
705 605 814 653 ὅντα
847 607 1078 667 ἐγνῶσθαι·
1116 618 1243 651 tanta
1274 617 1450 665 tamque
1466 625 1582 665 prce-

110 675 236 716 clara
259 691 326 718 res
347 684 408 718 est
431 677 478 717 in
509 677 707 718 omnibus
730 677 920 731 quidem,
953 677 1028 718 sed
1048 678 1275 730 praecipue
1306 678 1352 716 in
1380 677 1580 726 ducibus,

109 742 332 796 reliqionis
362 750 403 783 et
424 743 532 795 fidei
563 743 831 783 observantes
856 756 941 783 esse
976 749 1108 796 atque
1140 743 1304 783 haberi.
1374 741 1582 783 Aristides

110 807 326 849 Leuctrica
363 814 539 862 quarta:
578 804 622 850 ἐν
663 805 808 870 εἰρήνῃ
848 805 917 850 καὶ
953 801 1159 852 σπονδαῖς
1198 803 1398 856 μαλιστα
1438 827 1478 849 οι
1520 827 1579 850 τα
1597 817 1722 878 {offig-

108 867 245 916 δίκαια
270 874 408 917 ποιεῖν
431 870 688 929 βουλόμενοι
711 874 942 934 κρίνονται·
978 876 1027 914 in
1046 888 1158 928 pace
1183 873 1373 928 aliisque
1388 874 1582 928 publicis

107 941 463 982 conventionibus
498 941 725 982 servandis
763 943 950 981 manime
995 947 1245 996 spectantur
1290 940 1366 994 qui
1392 942 1583 991 justitice

107 1007 312 1047 student:
336 1011 383 1048 ut
407 1005 513 1047 enim
537 1012 650 1048 recte
675 1006 779 1048 dixit
804 1006 948 1047 Cicero
974 1007 1024 1047 de
1048 1006 1235 1047 Finibus
1259 1004 1430 1061 quinto:
1463 1020 1582 1048 nemo
1600 1015 1712 1046 Cap-22-

107 1079 170 1113 est
193 1074 266 1124 qui
287 1086 374 1113 non
392 1073 505 1114 lianc
525 1073 790 1127 affectionem
813 1074 954 1113 animi
975 1073 1127 1126 probet
1145 1079 1277 1125 atque
1302 1073 1465 1121 laudet,
1493 1087 1580 1125 qua

107 1152 191 1178 non
226 1139 349 1179 modo
386 1139 564 1180 utilitas
605 1139 738 1181 nulla
775 1139 998 1193 quaeritur,
1037 1139 1110 1179 sed
1153 1146 1303 1179 contra
1342 1139 1582 1182 utilitatem

107 1205 237 1245 etiam
262 1209 550 1246 conservatur
564 1206 687 1258 fides.

203 1271 230 1311 2
275 1270 446 1312 Publica
476 1270 590 1320 fides,
617 1275 664 1312 ut
692 1269 803 1326 apud
834 1274 995 1326 patrem
1025 1272 1088 1311 est
1121 1268 1432 1322 Quintilianum,
1470 1269 1581 1313 inter
1600 1282 1740 1310 Dect-267·

107 1340 290 1378 armatos
324 1337 463 1379 hostes
489 1336 673 1379 inducias
702 1336 812 1386 facit,
850 1335 1082 1378 deditarum
1115 1335 1326 1377 civitatum
1353 1336 1452 1392 jura
1487 1351 1581 1379 con-

107 1406 258 1444 servat.
326 1403 449 1459 Apud
478 1403 653 1445 eundem
684 1402 806 1444 alibi:
829 1403 943 1456 fides
969 1417 1218 1456 supremum
1249 1417 1400 1444 rerum
1431 1404 1581 1445 huma·
1600 1412 1739 1436 Ded-3⁴3·

108 1483 269 1510 narum
295 1470 520 1511 vinculum
545 1478 634 1512 est:
670 1484 798 1512 sacra
825 1470 925 1510 laus
948 1469 1058 1522 fidei
1081 1470 1193 1509 inter
1226 1470 1374 1511 hostes.
1447 1469 1514 1511 Sic
1538 1476 1581 1512 et

109 1534 376 1577 Ambrosius:
417 1537 547 1589 liquet
582 1537 721 1591 iyitur
756 1536 887 1577 etiam
919 1536 966 1575 in
997 1534 1101 1576 bello
1124 1536 1165 1590 s
1151 1536 1260 1576 dem
1296 1543 1335 1576 et
1355 1535 1580 1589 justitiam
1598 1548 1671 1609 ng..
1671 1548 1698 1573 ii
1711 1549 1750 1573 29

108 1603 279 1643 servari
302 1610 505 1658 opermteie
559 1597 655 1644 Etb
665 1600 952 1658 Auoustinus:
970 1602 1082 1654 fides
1103 1602 1275 1654 quando
1288 1603 1566 1655 piomittitm
1569 1615 1688 1670 ,Ειήὲε
1701 1616 1756 1638 205-

109 1669 241 1709 etiam
270 1669 383 1710 hosti
407 1669 620 1710 servanda
645 1677 704 1710 est
733 1675 885 1709 contra
909 1681 1031 1722 quem
1061 1667 1214 1708 bellum
1236 1668 1427 1721 qainon·
1465 1667 1580 1709 nimi·
1599 1646 1636 1670 ad
1675 1646 1741 1676 oms

108 1747 200 1774 rum
222 1734 362 1775 hostes
386 1733 456 1788 qui
481 1739 588 1782 sunt,
625 1733 810 1774 homines
834 1747 922 1773 esse
946 1746 1028 1772 non
1053 1731 1255 1773 desinunt.
1311 1732 1374 1774 At
1396 1733 1581 1775 homines

110 1812 262 1848 omnes,
294 1799 363 1854 qui
391 1798 446 1840 ad
480 1798 651 1840 rationis
681 1813 798 1839 usum
830 1802 1121 1853 pervenerunt,
1155 1811 1325 1852 capaces
1353 1804 1449 1840 sunt
1474 1799 1581 1854 juris

110 1879 162 1906 ex
194 1864 406 1920 promisso.
479 1864 674 1906 Camillus
708 1864 820 1919 apud
849 1862 1010 1904 Livium
1040 1862 1111 1912 ait,
1148 1865 1234 1905 sibi
1262 1879 1357 1905 cum
1382 1866 1580 1908 Faliscis
1599 1879 1658 1904 Lib.
1672 1886 1697 1903 v.
1715 1879 1754 1906 97.

110 1945 205 1973 eam
228 1946 313 1972 esse
335 1932 590 1979 societatem,
613 1945 738 1986 quam
765 1931 1034 1984 inqeneravit
1053 1937 1230 1970 natura.

207 1997 234 2037 3
276 1997 342 2037 Ex
363 1996 440 2037 hac
464 2001 602 2037 autem
625 1995 819 2038 societate
843 1994 1014 2037 rationis
1036 2000 1077 2037 et
1101 1994 1299 2037 sermonis
1323 1996 1507 2039 nascitur
1532 2013 1582 2041 ea

167 2127 181 2143 a
200 2121 288 2151 Inter
309 2121 391 2150 bella
404 2118 520 2159 fidem]
544 2120 720 2149 Archelaus
740 2119 812 2158 phi·
877 2118 932 2147 dat
960 2118 1053 2157 hujus
1081 2118 1207 2147 virtutis
1235 2119 1362 2149 nomine
1391 2120 1580 2151 Africanum

108 2171 260 2209 losophus
282 2171 368 2208 apud
389 2170 572 2208 Appianum
599 2168 747 2198 Civilium
764 2178 812 2200 1v.
877 2169 1031 2198 minorem
1046 2169 1208 2198 Diodorus
1225 2169 1348 2198 Siculus
1363 2170 1394 2199 in
1409 2171 1581 2210 Excerptis

110 2220 253 2250 σπονδάς
279 2220 335 2249 ἐπὶ
367 2223 440 2248 τοῖς
476 2219 586 2256 ὅρκοις
621 2219 812 2254 ἐσπένδετε,
877 2219 1102 2249 Peirescz'anis,
1136 2218 1232 2257 (Pag.
1247 2219 1337 2257 342.)

109 2271 161 2300 καὶ
182 2270 291 2308 δεξιάς
313 2268 473 2305 ἐτίθεσθε,
496 2269 530 2297 αἳ
549 2268 604 2297 καὶ
624 2267 717 2305 παρά
739 2272 813 2297 τοῖς
937 2268 951 2289 b
970 2268 1176 2307 Anqustinus]
1207 2269 1271 2303 Qui
1293 2270 1377 2298 idem
1405 2279 1577 2309 argumen-

107 2319 281 2358 πολεμίοις
292 2317 746 2357 &executi-1·federajzcrasti.s·‚
757 2316 810 2346 de-
875 2319 944 2346 tum
965 2318 1030 2347 late
1052 2321 1171 2348 tractat
1192 2319 1327 2356 epistola
1348 2328 1474 2350 ccxxv.
1493 2320 1580 2360 (126.

108 2369 200 2398 distis
221 2368 376 2404 demta-as,
400 2377 465 2406 quae
488 2368 581 2397 etiam
609 2367 689 2395 inter
711 2366 811 2395 hostes
875 2369 1047 2398 seeundum
1063 2378 1181 2399 novam
1197 2370 1412 2409 divisionem.)

108 2419 220 2448 valent.
245 2418 340 2457 (Pag.
358 2417 426 2447 628.
438 2417 504 2447 Ed.
521 2417 565 2446 H.
582 2416 702 2454 Steph.)
724 2416 810 2444 Lau-

111 2582 241 2619 armed
263 2581 438 2622 enemies,
469 2581 543 2615 and
569 2591 760 2626 preserves
785 2581 850 2616 the
871 2582 989 2628 rights
1015 2583 1058 2618 of
1085 2583 1332 2618 surrendered
1363 2585 1478 2620 cities.
1543 2587 1579 2622 It

110 2641 140 2675 is
162 2639 226 2674 the
247 2649 420 2683 supreme
450 2638 513 2678 tie,
543 2648 582 2671 as
603 2637 652 2671 he
673 2637 874 2673 elsewhere
904 2651 998 2685 says.
1052 2640 1102 2674 So
1120 2640 1324 2682 Ambrose3
1355 2641 1574 2686 Augustine.

110 2697 155 2732 Iu
184 2695 272 2735 fact,
294 2694 400 2728 those
425 2693 506 2727 who
525 2704 588 2727 are
609 2694 771 2728 enemies
789 2695 837 2729 do
855 2699 921 2730 nol:
939 2707 1044 2730 cease
1061 2700 1101 2730 to
1121 2697 1168 2731 be
1185 2708 1290 2731 men:
1324 2697 1393 2731 but
1412 2699 1463 2732 all
1490 2711 1578 2734 men

112 2752 211 2796 (who
238 2752 332 2785 have
360 2750 425 2784 the
457 2761 522 2784 use
551 2750 594 2784 of
621 2749 771 2792 reason)
801 2762 864 2785 are
897 2753 1052 2797 capable
1082 2753 1126 2787 of
1152 2753 1288 2798 having
1317 2754 1435 2799 rights
1467 2756 1578 2801 given

111 2810 215 2845 them
242 2808 292 2853 by
322 2807 495 2853 promise.
558 2806 608 2840 So
638 2806 814 2841 Camillus
837 2808 876 2841 in
898 2809 1003 2853 Livy.

191 2869 210 2900 3
255 2865 331 2900 Out
365 2864 409 2898 of
430 2863 494 2898 the
523 2873 697 2898 common
722 2874 787 2898 use
818 2863 861 2898 of
886 2875 1018 2898 reason
1048 2864 1123 2899 and
1146 2865 1341 2912 language,
1369 2868 1482 2903 arises
1512 2869 1578 2904 the

113 2922 317 2968 obligation
346 2920 440 2956 from
467 2920 641 2966 promise,
669 2920 712 2954 of
732 2920 851 2954 which
872 2932 925 2955 we
952 2922 1078 2967 speak.
1130 2923 1212 2957 Nor
1233 2934 1297 2958 are
1319 2935 1371 2959 we
1399 2929 1439 2960 to
1468 2925 1578 2960 think
