1971 3326
223 212 308 254 ΜΒ

266 340 295 374 2,
317 337 346 374 5,
365 337 413 373 24,
428 336 456 373 1,
478 337 507 365 3.
550 333 720 365 Civitatem
743 332 923 361 indemnem
950 338 1030 368 quo-

268 387 363 416 modo
377 388 541 425 praestent.
573 385 607 414 ii.
621 385 653 420 5,
667 385 715 420 24,
731 385 749 411 2

231 437 351 467 Civitas
367 435 525 475 quomodo
541 434 707 469 dividatur,
723 435 756 461 et
770 439 832 469 quo
848 429 974 459 effectu.
996 429 1028 458 ii.

269 488 299 524 9,
317 488 364 517 10.
408 486 500 516 Bello
516 485 597 514 victa
615 492 655 512 an
677 481 801 511 desinat
826 479 935 508 civitas
951 488 1028 508 esse.

270 538 313 567 iii.
330 538 361 572 8,
378 538 407 566 2.
448 535 572 573 Injusta
594 541 658 561 non
681 530 796 560 desinit
819 528 928 558 civitas
951 537 1031 557 esse.

270 585 316 615 iii.
331 586 359 621 3,
374 586 403 620 2,
420 585 447 619 1,
462 584 491 611 2.
533 581 563 610 A
578 579 751 620 piratarum
767 580 854 607 coetu
870 576 947 614 quid
968 575 1032 604 dis-

273 633 520 670 tastaaal

234 685 391 715 Civitates
403 682 565 711 foederatae
579 678 713 717 imperio
728 676 895 706 distinctae.
923 676 942 705 i.
958 677 988 711 3,
1002 677 1033 713 7,

272 736 301 764 2.
346 731 546 762 Immortales
568 738 632 768 quo
656 736 759 756 sensu.
792 727 823 755 ii.
849 727 878 762 9,
900 727 928 761 3,
952 727 979 762 1,
1001 727 1031 755 2.

271 784 493 816 Desciscentes
507 781 646 819 recipere
662 781 773 808 contra
788 776 959 806 amicitiam
975 779 1033 805 est.

273 836 316 865 iii.
333 836 383 868 20,
397 835 447 869 41,
461 834 480 861 2

235 886 381 918 Civitatis
395 893 446 913 res
460 882 536 912 belli
545 881 616 920 jure
629 879 847 918 acquiruntur.
868 877 914 906 iii.
929 877 957 912 8,
967 877 995 912 4,
1008 877 1035 912 1,

273 939 302 968 2.
343 935 367 965 J
371 944 406 964 us
420 935 452 963 in
467 933 560 962 cives.
580 932 613 961 ii.
629 932 657 967 5,
672 931 720 967 24,
735 931 763 958 2.
795 928 812 959 J
820 937 856 957 us
870 927 902 956 in
917 926 1036 964 magis-

273 990 379 1018 tratus
393 985 496 1024 quale.
519 984 551 1014 ii.
567 984 616 1019 17,
629 983 649 1012 3

236 1037 423 1076 Clarigatio.
444 1035 487 1066 iii.
504 1036 534 1069 3,
548 1034 576 1070 7,
592 1035 609 1062 1

236 1088 355 1119 Classis
369 1086 456 1125 quid.
477 1085 509 1114 ii.
525 1084 573 1120 16,
587 1085 606 1113 3

235 1138 398 1173 Clausula,
421 1139 454 1165 ut
475 1138 577 1165 cetera
596 1136 695 1163 tamen
717 1134 792 1161 rata
815 1131 969 1160 maneant.
991 1128 1037 1159 iii.

340 1189 358 1217 3

232 1188 393 1268 ...EQ-5-
412 1235 442 1266 εἰ
457 1235 594 1274 populus
607 1233 689 1269 velit,
714 1231 791 1271 quid
806 1231 967 1269 operetur.
991 1227 1036 1257 iii.

276 1292 326 1327 22,
342 1292 361 1320 2

236 1342 385 1372 Clemens
400 1337 636 1369 Alexandrinus
654 1343 713 1373 pro
734 1331 837 1372 poenis
859 1333 892 1360 et
914 1328 1037 1365 militia,

274 1394 297 1424 i.
313 1395 341 1430 2,
356 1393 403 1428 10,
421 1391 438 1418 l

237 1443 417 1475 Clementia
430 1441 462 1470 in
477 1438 574 1469 bello.
595 1436 638 1465 iii.
655 1436 704 1471 11,
719 1434 749 1471 7,
765 1434 793 1469 1,
808 1433 827 1462 5

237 1495 355 1526 Clerici
368 1493 453 1522 bello
468 1492 626 1523 arcentur,
640 1489 672 1515 et
687 1487 855 1523 quatenus.
876 1482 896 1510 i.
913 1481 943 1518 5,
957 1481 976 1509 4

237 1544 369 1576 Clericis
383 1540 552 1572 interdicta
567 1540 615 1567 est
630 1535 755 1565 militia.
777 1533 796 1563 i.
811 1535 840 1569 2,
858 1534 906 1568 10,
920 1533 939 1559 4

237 1597 335 1626 Clero
351 1594 426 1623 olim
441 1589 560 1621 exclusi
576 1587 628 1626 qui
651 1589 724 1624 post
746 1583 938 1621 baptismum
954 1579 1037 1608 mili-

275 1647 409 1680 tassent,
433 1645 489 1671 aut
511 1639 734 1677 magistratum
755 1634 938 1673 gessissent.
969 1631 989 1659 i.
1007 1631 1038 1666 2,

275 1697 323 1732 10,
338 1696 377 1724 10

238 1745 385 1777 Coc'mtio
399 1752 439 1772 an
454 1741 551 1771 licita.
575 1739 606 1769 ii.
622 1739 651 1774 2,
666 1737 705 1766 24

239 1796 410 1836 Cogendus
432 1793 473 1822 ad
491 1790 677 1829 religionem
701 1785 913 1817 Christianam
937 1790 1040 1811 nemo.

277 1847 310 1877 ii.
325 1847 374 1883 20,
389 1844 439 1879 49,
454 1844 471 1872 1

239 1897 365 1935 Cogere
378 1893 503 1932 pugnat
516 1898 587 1919 cum
608 1889 694 1917 statu
709 1883 875 1915 inferioris.
911 1882 932 1911 i.
947 1883 975 1918 3,
991 1880 1040 1915 17,

276 1949 313 1983 1;
334 1945 366 1974 ii.
381 1945 428 1980 14,
443 1942 471 1979 6,
487 1942 505 1970 2

241 1995 419 2035 Cognatica
442 1987 597 2021 successio
618 1986 761 2016 linealis:
784 1987 817 2014 et
838 1983 906 2022 ejus
925 1982 1041 2027 funda-

278 2048 435 2076 mentum.
456 2042 488 2070 ii.
505 2041 535 2077 7,
551 2039 602 2074 22,
618 2039 635 2066 1

240 2095 387 2134 Collegio
409 2092 571 2122 destructo
599 2096 640 2116 an
666 2094 718 2115 res
744 2084 894 2113 maneant
922 2090 1042 2117 eorum,

281 2147 335 2185 qui
349 2144 418 2173 aliis
432 2140 612 2179 supersunt.
633 2136 665 2166 ii.
678 2136 710 2171 9,
723 2136 743 2163 4

243 2194 385 2227 Coloniae
399 2189 587 2220 naturaliter
600 2195 663 2214 non
685 2185 820 2213 subsunt
840 2181 960 2211 civitati
974 2190 1043 2210 ma-

277 2244 360 2275 trici.
381 2242 414 2271 ii.
429 2241 459 2277 9,
474 2241 513 2269 10

243 2293 447 2333 Colloquium
462 2288 627 2328 postulans
643 2286 683 2315 ad
706 2284 783 2324 quid
805 2284 976 2322 obligetur.
997 2283 1042 2312 iii.

280 2347 330 2383 24,
345 2346 375 2374 3.
418 2338 586 2377 Colloquio
615 2337 750 2365 durante
777 2344 828 2364 res
860 2344 932 2363 suas
968 2342 1042 2371 pro-

280 2403 407 2426 movere
426 2393 511 2421 licet.
535 2388 613 2418 ibid.
657 2385 816 2424 Colloquii
837 2394 912 2414 usus
933 2385 974 2413 ad
995 2384 1041 2413 vi-

281 2448 414 2479 tandum
427 2443 558 2473 bellum.
580 2440 611 2470 ii.
627 2440 676 2475 23,
690 2440 707 2468 7

237 2498 386 2530 Comites
412 2494 592 2532 legatorum
616 2498 656 2518 an
680 2487 745 2516 sint
771 2485 980 2516 inviolabiles,
1009 2485 1042 2515 ii.

283 2548 333 2584 18,
348 2547 368 2575 8

246 2593 453 2628 Commeandi
470 2591 521 2630 jus
542 2589 667 2629 qualem
682 2585 978 2624 interpretationem
993 2594 1044 2614 re-

284 2642 390 2681 cipiat.
420 2639 463 2668 iii.
487 2639 537 2673 21,
559 2637 607 2665 22.
651 2633 812 2664 Securitas
835 2632 932 2661 etiam
955 2635 1045 2661 extra

284 2690 480 2722 territorium
495 2686 599 2716 dantis
613 2684 800 2723 porrigitur.
822 2682 865 2711 iii.
880 2683 931 2717 21,
948 2684 986 2711 14

247 2743 451 2773 Commeatus
472 2747 511 2766 an
534 2736 575 2765 ad
596 2736 681 2764 bona
701 2732 902 2762 extendatur.
938 2731 982 2761 iii.
997 2732 1046 2768 21,

285 2792 333 2820 18.
374 2789 479 2818 Morte
495 2785 599 2815 dantis
613 2793 653 2813 an
670 2783 903 2820 exstinguatur.
932 2782 975 2812 iii.
997 2783 1046 2820 21,

286 2842 325 2869 20

249 2889 438 2919 Commeatu
452 2883 517 2923 (in)
531 2883 661 2912 comites
675 2881 738 2919 qui.
758 2881 800 2910 iii.
818 2882 867 2917 21,
882 2881 921 2911 19

250 2935 462 2968 Comminatio
477 2933 593 2962 nemini
603 2932 656 2969 jus
671 2932 737 2961 dat.
751 2931 786 2960 ii.
801 2932 848 2966 13,
862 2932 892 2968 3,
908 2932 929 2960 4

250 2984 505 3018 Commissiones.
545 2981 621 3010 Vide
635 2980 876 3009 Dimicationes.

654 217 822 253 INDEX
851 215 1036 251 RERUM
1065 211 1471 254 PRAEOIPUARUM,

1100 326 1372 358 Commerciorum
1386 326 1526 355 libertas.
1550 325 1583 356 ii.
1598 326 1626 362 2,
1641 326 1690 362 13,
1704 325 1724 355 5

1100 377 1376 407 Commodatarius
1390 377 1429 405 ad
1445 377 1521 415 quid
1536 378 1696 406 teneatur.
1714 375 1746 404 ii.
1763 376 1812 412 12,
1822 375 1899 410 13,1

1101 427 1330 457 Commodator
1353 426 1480 464 quando
1502 426 1587 454 intra
1610 424 1796 463 praedictum
1818 427 1902 454 tem-

1138 486 1198 516 pus
1212 487 1279 507 rem
1294 480 1439 516 repetere
1453 477 1564 515 possit.
1587 476 1620 505 ii.
1639 475 1688 511 16,
1703 476 1750 511 17,
1766 477 1784 504 1

1101 528 1291 558 Communio
1319 536 1359 556 an
1388 527 1502 556 durare
1533 526 1645 565 possit.
1700 525 1733 556 ii.
1763 526 1793 563 2,
1816 525 1848 562 2,
1873 525 1902 555 1.

1141 578 1265 613 Quibus
1279 587 1318 606 ex
1332 577 1435 606 causis
1451 576 1631 606 cessaverit.
1653 575 1730 605 ibid.

1194 646 1272 652 —
1295 627 1453 665 quomodo
1467 626 1661 662 introducta,
1682 633 1816 663 quaeque
1829 623 1905 661 jura

1140 678 1274 708 dederit.
1294 678 1349 714 i.2,
1364 679 1400 714 13
1420 677 1452 706 ii.
1467 678 1496 714 2,
1510 679 1541 707 2.
1583 676 1713 715 Duplex
1729 678 1786 712 est,
1800 675 1851 704 vel
1864 683 1904 704 ex

1141 728 1354 767 simplicitate,
1367 728 1418 757 vel
1431 737 1470 756 ex
1485 727 1651 756 charitate.
1674 726 1706 755 ii.
1721 727 1751 762 2,
1765 727 1784 754 2

1103 778 1310 817 Compensari
1325 787 1388 806 non
1403 781 1510 816 potest
1522 777 1566 813 id,
1580 777 1665 815 quod
1678 776 1763 805 bello
1778 783 1905 804 causam

1142 829 1239 864 dedit,
1254 830 1310 857 aut
1320 827 1392 866 jure
1407 828 1553 867 gentium
1567 827 1687 856 factum
1703 829 1761 856 est.
1794 825 1838 855 iii.
1854 825 1905 862 19,

1144 879 1193 915 19,
1208 881 1224 907 1

1106 928 1333 966 Compensatio
1348 928 1483 957 debetur
1497 927 1643 963 subditis,
1665 935 1801 965 quorum
1821 925 1907 954 bona

1144 988 1221 1017 pace
1236 978 1374 1007 alienata
1388 980 1471 1006 sunt.
1495 977 1538 1006 iii.
1554 978 1602 1013 20,
1616 977 1646 1013 7,
1662 977 1681 1005 2

1107 1028 1375 1067 Compensatione
1390 1037 1453 1056 non
1471 1030 1521 1057 est
1538 1026 1717 1056 laedendum
1734 1025 1788 1064 jus
1809 1024 1905 1054 tertii.

1144 1079 1187 1108 iii.
1205 1079 1252 1115 19,
1268 1079 1319 1115 19,
1336 1081 1355 1109 3

1106 1129 1340 1167 Compensatur
1368 1138 1440 1158 cum
1462 1128 1616 1167 promisso
1637 1136 1688 1157 res
1714 1126 1831 1165 injuste
1851 1125 1907 1155 de-

1143 1183 1244 1210 tenta.
1275 1181 1317 1210 iii.
1345 1180 1395 1216 19,
1418 1181 1466 1209 15.
1504 1180 1669 1209 Debitum.
1698 1178 1774 1209 ibid.
1806 1177 1908 1208 Dam-

1144 1240 1220 1259 num
1236 1231 1356 1267 datum,
1372 1233 1404 1260 et
1418 1239 1526 1268 poena.
1550 1229 1592 1258 iii.
1609 1229 1657 1266 19,
1672 1228 1710 1260 19

1106 1279 1335 1319 Compromissi
1357 1289 1432 1309 usus
1454 1280 1495 1309 ad
1522 1279 1642 1309 bellum
1663 1277 1839 1307 vitandum.
1873 1276 1908 1308 ii.

1144 1332 1194 1366 23,
1209 1332 1229 1360 8

1107 1380 1277 1411 Concessio
1292 1379 1501 1409 immunitatis
1523 1388 1542 1408 a
1563 1378 1772 1417 vectigalibus
1795 1379 1828 1407 et
1849 1376 1908 1407 tri-

1099 1445 1101 1447 *
1144 1431 1230 1460 butis
1245 1430 1404 1468 quomodo
1419 1429 1639 1467 intelligenda.
1661 1428 1693 1457 ii.
1709 1428 1758 1464 16,
1772 1428 1821 1464 27,
1837 1429 1854 1457 1

1107 1481 1301 1510 Concessum
1315 1489 1355 1509 an
1371 1483 1474 1509 morte
1489 1478 1682 1509 concessoris
1695 1478 1841 1508 intereat.
1863 1477 1907 1507 iii.

1145 1531 1250 1565 2Lm

1107 1580 1258 1610 Conciliis
1273 1578 1338 1618 (in)
1355 1579 1543 1609 Christianis
1558 1579 1642 1608 unde
1662 1578 1716 1608 alii
1736 1578 1804 1607 aliis
1825 1586 1909 1616 prae-

1146 1631 1311 1660 cesserint.
1331 1630 1365 1660 ii.
1381 1632 1410 1667 5,
1424 1632 1461 1659 21

1108 1680 1347 1711 Concubinatus
1361 1679 1490 1718 quidam
1505 1680 1626 1718 species
1639 1678 1833 1709 matrimonii
1852 1687 1909 1706 na-

1148 1731 1270 1760 turalis.
1294 1730 1325 1759 ii.
1340 1731 1369 1766 5,
1385 1730 1435 1764 15,
1452 1731 1468 1758 1

1109 1782 1344 1820 Concupiscere
1357 1781 1389 1810 in
1405 1781 1556 1819 decalogo
1573 1781 1660 1819 quid.
1683 1780 1715 1810 ii.
1729 1781 1778 1817 20,
1791 1780 1844 1818 39,
1857 1781 1877 1810 3

1110 1833 1296 1862 Condicere.
1317 1831 1360 1861 iii.
1376 1834 1406 1868 3,
1421 1833 1451 1867 7,
1466 1833 1484 1860 1

1111 1882 1347 1911 Condictiones.
1368 1881 1399 1910 ii.
1416 1883 1445 1917 1,
1459 1882 1478 1910 2

1110 1932 1260 1962 Conditio
1279 1941 1343 1961 non
1368 1931 1500 1970 impleta
1519 1930 1635 1960 liberat
1655 1929 1761 1960 fidem.
1791 1929 1838 1961 iii.
1862 1929 1912 1966 19,

1150 1983 1198 2018 14,
1214 1983 1231 2011 1

1262 2031 1288 2060 si
1306 2040 1356 2061 res
1378 2034 1528 2061 maneant
1550 2031 1660 2061 eodem
1683 2031 1764 2068 loco,
1781 2029 1911 2069 quando

1149 2083 1246 2111 tacite
1260 2082 1345 2110 insit.
1368 2081 1399 2111 ii.
1415 2081 1464 2119 16,
1480 2082 1529 2117 25,
1544 2082 1562 2110 2

1112 2131 1320 2161 Conditiones
1347 2133 1458 2160 contra
1485 2139 1567 2166 eum,
1596 2130 1650 2168 qui
1679 2130 1823 2160 elocutus
1851 2131 1911 2167 est,

1150 2182 1256 2220 potius
1270 2181 1529 2219 interpretandae.
1550 2180 1593 2210 iii.
1610 2181 1661 2217 20,
1675 2180 1714 2210 26

1111 2231 1336 2261 Conditionem
1359 2230 1531 2259 deferentis
1551 2239 1591 2259 an
1612 2229 1796 2268 accipientis
1816 2229 1913 2260 verba

1150 2281 1223 2319 plus
1238 2280 1373 2309 valeant.
1396 2280 1430 2308 ii.
1445 2279 1494 2317 16,
1507 2281 1546 2309 32

1112 2331 1312 2369 Conjecturae
1335 2330 1376 2359 ad
1398 2329 1687 2368 interpretationes.
1707 2329 1739 2358 ii.
1754 2328 1803 2366 16,
1818 2329 1868 2365 20,
1881 2330 1912 2360 1.

1151 2381 1379 2410 ExtendenteS.
1412 2380 1491 2409 ibid.
1513 2381 1542 2409 2.
1593 2379 1847 2418 Restringentes.
1877 2379 1911 2408 ii.

1150 2431 1251 2467 law

1114 2480 1366 2518 Conjunctorum
1399 2479 1488 2509 locus
1521 2479 1562 2509 ad
1600 2479 1908 2518 interpretationem.

1151 2527 1184 2558 ii.
1201 2527 1249 2563 16,
1263 2528 1280 2557 7

1114 2576 1321 2614 Conjugium.
1368 2576 1443 2607 Vide
1456 2576 1706 2606 Matrimonium.

1115 2626 1297 2656 Consensus
1319 2626 1404 2655 solus
1424 2626 1547 2656 inducit
1570 2626 1808 2665 obligationem.
1837 2626 1869 2657 ii.
1883 2626 1913 2664 6,

1153 2675 1419 2712 L2fist222

1305 2725 1418 2763 populi
1438 2725 1470 2754 in
1491 2725 1586 2755 rebus
1607 2725 1738 2754 modicis
1757 2725 1846 2764 sequi
1867 2725 1914 2756 fa·

1153 2775 1242 2805 cilius
1257 2775 1469 2813 praesumitur.
1491 2775 1524 2805 ii.
1540 2775 1569 2811 6,
1583 2776 1620 2804 11

1116 2825 1257 2855 Consilia
1283 2827 1316 2853 et
1347 2827 1509 2862 praecepta
1541 2824 1701 2854 interdum
1730 2824 1913 2855 indistincte

1155 2875 1340 2904 efferuntur.
1362 2874 1382 2903 i.
1397 2875 1426 2911 2,
1439 2875 1469 2912 9,
1485 2876 1505 2903 4

1263 2924 1440 2962 sapientum
1466 2927 1621 2963 quantum
1643 2924 1780 2955 valeant.
1814 2924 1847 2954 ii.
1861 2926 1915 2963 23,

1155 2978 1224 3013 &4
