1971 3326
141 378 214 402 Plut.
233 378 302 401 Tim,

141 416 166 439 p.
181 409 227 431 252
239 415 262 432 c.
276 410 301 433 ει

143 439 226 462 Dion.
240 446 267 469 p.

140 470 189 494 9³3
201 475 225 494 E.

358 177 442 218 224³
708 175 1179 219 TEMPERAMENTUM
1211 180 1361 217 OIROA
1390 181 1482 217 JUS
1638 177 1735 223 [Lm.
1755 177 1826 212 111.

359 296 498 343 dicas,
536 302 749 348 tanquam
777 302 896 335 recta
930 292 1033 334 velle
1064 291 1280 332 imitari?
1328 291 1509 333 Accusat
1546 290 1829 347 Syracusanos

359 360 437 402 hoc
461 360 623 402 nomine
644 359 903 407 Plutarchus,
930 357 1039 412 quod
1071 356 1233 398 Hicetae
1256 370 1406 397 uxores
1429 370 1476 397 ac
1501 356 1650 398 liberos
1674 355 1830 397 occide-

359 426 456 475 rint,
491 426 583 468 ideo
613 430 786 474 tantum,
823 423 934 479 quod
969 421 1142 464 Hicetas
1175 421 1322 463 Dionis
1356 435 1540 471 uxorem,
1573 435 1754 463 sororem
1788 426 1831 463 et

360 492 487 534 filium
509 490 793 533 interfecisset.

459 559 487 599 3
534 555 703 598 Utilitas
727 554 866 605 etiam,
887 569 979 610 quae
1000 569 1053 597 ex
1074 560 1236 597 terrore
1258 554 1301 596 in
1319 559 1528 611 posterum
1549 557 1753 610 speratur,
1777 553 1832 595 ad

355 623 425 679 jus
445 622 628 664 dandum
656 621 777 664 caedis
797 636 879 663 non
903 621 1110 677 pertinet3
1140 621 1225 671 sed,
1251 620 1285 662 si
1309 620 1439 663 subsit
1455 619 1537 676 jus,
1568 624 1704 676 potest
1724 618 1834 661 inter

363 703 506 731 causas
529 703 630 738 esse,
650 688 702 730 ob
724 702 826 744 quas
844 687 913 743 jus
936 702 1017 728 non
1042 687 1293 730 remittatur.

461 756 490 796 4
528 754 786 797 Obstinatius
809 759 947 796 autem
962 753 1143 795 studium
1167 753 1210 794 in
1231 767 1325 795 suas
1342 757 1495 808 partes,
1515 751 1549 794 si
1571 751 1692 794 modo
1712 765 1836 794 causa

364 836 506 864 earum
536 835 619 863 non
646 820 700 863 sit
727 820 891 862 omnino
921 819 1150 870 inhonesta,
1177 819 1417 875 supplicium
1447 833 1530 861 non
1556 823 1752 867 meretur,
1788 823 1836 860 ut

145 900 197 924 Lib
221 901 236 924 i·
254 900 344 925 Gotth·
364 887 475 945 apud
500 886 749 943 Procopium
775 886 983 928 disserunt
1004 885 1293 941 Neapolitani:
1328 890 1413 934 aut,
1439 884 1473 926 si
1497 899 1580 940 qua
1604 883 1691 940 ejus
1713 897 1836 939 poena

144 939 166 955 c.
183 932 219 955 10.

148 1035 267 1064 Polyoen.
281 1033 317 1058 iv.

143 1067 168 1089 3.
181 1072 207 1089 n.
217 1067 255 1089 30.

148 1367 188 1389 De
203 1364 307 1395 lta-ped.

146 1398 221 1421 Alex.
235 1396 251 1419 i.
266 1396 305 1419 20.

150 1627 217 1650 Ribl.
235 1625 306 1649 Hist.

147 1658 204 1681 xiv.
221 1657 274 1679 113.

152 1764 248 1788 Phars.
261 1762 306 1786 vii.

149 1795 202 1818 312.
216 1795 239 1818 el
251 1800 320 1823 scqq.

365 959 440 1004 est,
464 968 548 996 non
569 953 694 995 debet
715 952 769 994 ad
792 958 968 994 mortem
992 951 1235 1007 pervenire:
1274 964 1407 1006 neque
1429 950 1537 991 enim
1560 949 1603 991 id
1633 954 1838 991 statueret

365 1034 506 1076 aequus
524 1019 666 1076 judex,
721 1017 974 1067 Alexander,
995 1032 1087 1059 cum
1110 1017 1152 1058 in
1176 1016 1327 1073 oppido
1352 1016 1542 1071 quodam,
1568 1016 1678 1071 quod
1702 1015 1838 1057 acrius

364 1086 590 1134 restiterat,
632 1084 809 1140 puberes
846 1097 986 1125 omnes
1019 1082 1209 1138 jussisset
1248 1081 1436 1130 interfici,
1478 1081 1588 1124 visus
1620 1087 1683 1123 est
1723 1081 1838 1123 Indis

365 1152 521 1194 bellare
548 1150 756 1193 latronum
786 1164 911 1199 more,
946 1163 1119 1205 eamque
1146 1149 1298 1191 famam
1328 1148 1533 1191 reveritus
1559 1162 1636 1190 rex
1667 1146 1839 1190 victoria

366 1217 604 1260 clementius
632 1216 694 1259 uti
725 1215 863 1272 coepit.
932 1215 1083 1257 Melius
1114 1215 1223 1258 idem
1247 1214 1419 1257 Milesiis
1449 1213 1693 1270 quibusdam
1723 1213 1839 1271 parci

366 1284 507 1336 voluit,
532 1281 606 1327 ὅτι
629 1283 825 1341 ’γενναῖοί
850 1300 903 1326 τε
932 1281 1001 1326 καὶ
1034 1280 1189 1326 πιστοὶ
1213 1279 1333 1339 αὐτῷ
1356 1279 1608 1342 ἐφαίνοντο,
1634 1283 1747 1337 quod
1771 1295 1839 1323 eos

366 1352 530 1393 videret
549 1364 768 1406 ⁸erenei-0308
794 1364 848 1391 ac
873 1350 966 1391 suis
985 1350 1099 1403 fidos
1127 1363 1225 1398 esse,
1255 1363 1348 1404 quae
1376 1347 1543 1389 Arriani
1571 1348 1702 1389 verba
1729 1353 1836 1389 sunt.

365 1417 506 1473 Phyto
530 1416 785 1474 Reginorum
804 1421 974 1471 praetor,
998 1429 1090 1456 cum
1114 1415 1166 1456 ob
1190 1414 1439 1470 pertinacius
1460 1413 1671 1455 defensam
1691 1414 1838 1455 urbem

366 1498 392 1525 a
424 1482 627 1539 Dionysio
657 1481 711 1524 ad
735 1481 939 1524 cruciatus
970 1486 1013 1523 et
1034 1486 1211 1522 mortem
1238 1486 1470 1536 raperetur,
1498 1479 1756 1529 exclamavit,
1789 1493 1838 1521 eo

366 1549 476 1605 quod
496 1549 640 1591 urbem
661 1548 856 1591 noluisset
879 1547 1069 1603 prodere,
1087 1545 1284 1602 supplicio
1308 1561 1352 1588 se
1374 1545 1490 1595 affici,
1511 1545 1624 1601 cujus
1642 1544 1838 1587 ultionem
1867 1556 1869 1558 ·

348 1617 482 1658 ·Deus
523 1614 640 1658 brevi
678 1619 785 1657 esset
826 1619 1058 1655 exacturus.
1130 1612 1341 1654 Diodorus
1383 1611 1542 1653 Siculus
1581 1625 1726 1667 poenas
1763 1611 1839 1652 has

367 1681 540 1737 iniquas,
577 1678 778 1731 ἐκνόμους
808 1680 1010 1739 τιμωρίας
1039 1683 1168 1721 vocat.
1239 1677 1373 1721 Valde
1408 1677 1508 1719 mihi
1538 1677 1672 1734 placet
1697 1682 1839 1719 votum

369 1748 480 1804 quod
503 1752 566 1790 est
589 1747 701 1804 apud
725 1748 964 1788 Lucanum:

394 1893 396 1895 ,
428 1857 442 1875 ⁶
463 1859 599 1889 Videtur
609 1858 679 1888 heic
690 1858 842 1887 excidisse
853 1866 913 1886 vox
925 1856 1073 1893 civitatis,
1140 1855 1246 1894 quum]
1271 1855 1408 1885 Crudele
1426 1855 1486 1884 hoc
1501 1855 1600 1884 visum
1624 1854 1744 1884 saeculis
1765 1863 1840 1892 pos-

369 1911 426 1937 aut
449 1908 569 1938 similis,
611 1908 774 1937 Adcurate
796 1907 878 1936 enim
900 1907 1074 1944 loquendo,
1141 1906 1310 1935 terim-ibus
1324 1909 1414 1935 notat
1433 1906 1473 1934 ad
1489 1914 1526 1935 x.
1540 1905 1695 1935 AEneidos
1715 1905 1842 1934 Servius

372 1967 436 1987 non
450 1958 547 1996 reqio,
567 1958 621 1986 sed
637 1958 758 1992 εἱυίἰαε,
779 1960 835 1985 aut
849 1957 991 1992 societas,
1011 1956 1073 1985 dici
1143 1956 1199 1994 (ad
1214 1965 1293 1984 vers.
1310 1956 1399 1992 519.)

371 2010 480 2046 potest
493 2010 633 2036 constare
647 2016 684 2035 eac
699 2007 832 2035 hnmano
845 2016 964 2044 yenere.
986 2006 1021 2035 .].
1031 2007 1074 2036 Β.
1202 2004 1217 2026 ¹¹
1244 2006 1350 2035 Turba
1357 2005 1553 2044 peccantum]
1573 2005 1732 2044 Quicquid
1738 2004 1843 2033 multis

433 2062 449 2084 ε
478 2056 677 2095 Facinusque
703 2056 807 2085 animo
840 2056 985 2085 versabat
1012 2056 1074 2085 ini-
1135 2060 1298 2094 peccatur,
1321 2057 1450 2086 inultum
1472 2060 1526 2087 est.
1568 2056 1758 2085 Scholiastes
1781 2054 1842 2084 Ju-

374 2201 439 2237 the
469 2200 696 2247 Syracusans
724 2211 773 2234 on
805 2199 878 2235 this
909 2200 1067 2245 ground,
1096 2211 1135 2234 as
1161 2199 1298 2246 having
1331 2204 1399 2246 put
1426 2204 1466 2235 to
1495 2200 1608 2235 death
1637 2200 1702 2235 the
1734 2200 1843 2235 wives

376 2258 450 2293 and
467 2257 635 2293 children
651 2257 694 2292 of
710 2257 873 2298 Hicetas,
891 2257 1047 2292 because
1063 2256 1111 2291 he
1132 2257 1206 2291 had
1227 2257 1341 2292 killed
1357 2257 1421 2292 the
1438 2258 1533 2299 wife,
1550 2258 1668 2299 sister,
1684 2257 1759 2291 and
1776 2268 1843 2292 son

377 2315 420 2351 of
435 2316 546 2350 Dion.

451 2376 471 2408 3
500 2371 581 2407 The
601 2371 808 2417 advantage
823 2370 943 2405 which
963 2371 993 2406 is
1014 2372 1194 2417 expected
1214 2371 1263 2418 by
1283 2372 1441 2417 striking
1461 2374 1593 2413 terror,
1610 2374 1747 2406 cannot
1761 2371 1844 2417 give

378 2441 401 2465 a
420 2429 521 2476 right
542 2433 580 2464 to
607 2429 674 2463 kill
700 2440 809 2463 men:
836 2428 904 2463 but
926 2428 958 2462 if
979 2440 1032 2464 we
1054 2429 1149 2464 have
1170 2441 1192 2464 a
1212 2428 1322 2475 right,
1342 2429 1372 2463 it
1393 2440 1477 2475 may
1503 2428 1550 2463 be
1578 2440 1600 2463 a
1629 2439 1762 2463 reason
1785 2428 1845 2463 for

378 2491 445 2522 not
465 2487 657 2532 remitting
677 2486 717 2520 it.

448 2549 471 2579 4
501 2544 559 2578 An
577 2544 761 2578 obstinate
783 2543 991 2577 adherence
1007 2546 1047 2578 to
1064 2543 1164 2578 one’s
1182 2554 1263 2578 own
1283 2547 1403 2590 party,
1424 2543 1457 2578 if
1474 2543 1572 2578 their
1588 2554 1698 2579 cause
1715 2544 1762 2578 be
1779 2546 1846 2578 not

379 2601 594 2647 indecently
609 2600 694 2641 bad,
711 2601 800 2635 does
817 2604 884 2635 not
901 2600 1052 2635 deserve
1070 2600 1309 2646 punishment
1324 2614 1331 2635 ε
1355 2599 1411 2644 [so
1427 2601 1465 2634 in
1482 2602 1687 2647 Procopius
1700 2599 1727 2643 :]
1745 2611 1788 2635 or
1807 2604 1846 2634 at

380 2659 486 2700 least,
511 2662 579 2693 not
608 2670 630 2693 a
658 2657 899 2704 punishment
920 2657 1120 2703 extending
1149 2661 1188 2692 to
1214 2657 1351 2699 death3
1376 2657 1435 2692 for
1457 2669 1506 2692 no
1527 2658 1715 2704 impartial
1729 2657 1846 2703 judge

381 2716 504 2750 would
532 2726 572 2750 so
601 2715 742 2751 decide.
788 2714 910 2750 When
936 2714 1147 2749 Alexander
1173 2714 1333 2749 ordered
1360 2714 1425 2749 the
1453 2726 1541 2750 men
1568 2718 1607 2749 to
1635 2715 1683 2750 be
1709 2718 1778 2760 put
1805 2717 1845 2747 to

382 2772 508 2814 death,
529 2773 568 2806 in
589 2783 612 2806 a
635 2776 734 2807 town
754 2771 873 2807 which
893 2772 967 2806 had
988 2771 1142 2807 resisted
1164 2771 1399 2817 obstinately,
1426 2771 1492 2807 the
1514 2772 1665 2807 Indians
1685 2769 1845 2815 thought

382 2829 461 2863 him
481 2840 504 2863 a
523 2830 678 2871 ruffian3
699 2830 774 2863 and
793 2829 852 2871 he,
873 2830 912 2863 in
939 2829 1021 2864 fear
1041 2829 1084 2864 of
1107 2828 1198 2864 such
1223 2840 1245 2863 a
1265 2829 1490 2874 reputation‚
1513 2828 1729 2864 afterwards
1754 2826 1847 2861 used

383 2885 440 2919 his
460 2886 602 2932 victory
623 2897 727 2921 more
747 2887 1006 2933 temperately.
1060 2887 1115 2921 To
1139 2885 1205 2921 the
1231 2886 1421 2921 Milesians
1445 2885 1494 2921 he
1514 2896 1586 2920 was
1611 2896 1715 2920 more
1735 2894 1847 2929 gene-

384 2952 482 2982 rous,
501 2944 651 2989 sparing
671 2943 775 2979 them
790 2943 849 2979 for
864 2943 963 2979 their
983 2943 1126 2990 fidelity
1142 2946 1182 2978 to
1197 2942 1297 2979 their
1314 2942 1466 2979 friends.
1499 2941 1621 2978 When
1641 2941 1764 2988 Phyto
1783 2939 1847 2976 the
