1971 3326
679 337 867 380 CAPUT
903 338 977 381 VI.

340 447 407 482 DE
438 448 567 483 JURE
599 448 921 491 ACQUmENDI
951 449 1115 484 BELLO
1149 449 1320 485 CAPTA.

170 554 200 589 I.
270 553 375 589 Circa
396 555 657 600 acquisitionem
677 567 799 589 rerum

270 612 354 645 bello
385 618 586 657 captarunt,
612 613 714 657 quale
736 613 798 658 jus

271 674 423 703 naturae.

155 726 204 762 II.
267 726 380 768 Quale
405 726 468 771 jus
495 725 673 770 yentium:
699 726 798 771 cujus

270 782 465 816 testimonia
481 782 679 816 adduntur.

146 839 215 874 III.
266 839 418 881 Quando
448 850 502 872 res
526 839 662 873 mobilis
691 845 798 884 capta

269 901 449 930 censeatur
465 907 505 929 ecc
523 897 680 940 yentium
689 897 773 942 jure
785 909 796 930 .-

146 953 212 988 IV.
269 953 422 995 Quando
443 953 535 997 ayri.
743 996 748 1000 .

158 1010 205 1046 V.
267 1011 338 1044 Res
358 1021 437 1055 quae
457 1021 528 1043 non
545 1016 627 1044 sunt
647 1011 797 1045 hostium

271 1079 341 1101 non
362 1067 501 1112 acquiri
518 1067 612 1103 bello.

144 1125 212 1160 VI.
270 1124 367 1167 Quid
389 1125 430 1158 de
454 1125 553 1158 rebus
585 1125 729 1170 repertis
759 1125 797 1158 in

269 1182 417 1215 navibus
438 1181 587 1215 hostium
599 1181 617 1214 ?

274 1239 363 1273 Jure
385 1238 543 1283 yentium
567 1244 690 1273 nostra
713 1239 798 1285 fieri

269 1307 348 1341 quoe
361 1296 467 1330 hostes
483 1297 596 1330 nostri
611 1296 693 1330 aliis
713 1297 797 1330 bello

267 1353 482 1399 eripuerant,
494 1354 587 1398 quod
596 1353 798 1388 testimoniis

267 1412 457 1456 probatur.

270 1468 464 1513 Refellitur
486 1468 654 1502 sententia
683 1474 796 1503 statu·

269 1536 328 1560 ens
351 1537 405 1560 res
426 1531 549 1571 captas
574 1527 619 1560 ab
645 1526 796 1560 hostibus

270 1583 412 1617 omnino
444 1583 666 1628 sinyulorum
696 1584 795 1630 capi-

268 1641 399 1675 entium
411 1641 505 1687 fleri.

145 1697 214 1732 IX.
267 1698 497 1732 Naturaliter
539 1703 571 1732 et
607 1698 793 1743 possessio-

267 1767 345 1789 nem
361 1762 392 1790 et
405 1755 587 1789 dominum
600 1767 667 1800 per
681 1756 794 1789 alium

270 1813 420 1858 acquiri.

264 1869 457 1904 Distinctio
488 1874 633 1902 actuum
663 1869 796 1903 bellico-

269 1938 352 1960 rum
372 1927 410 1960 in
429 1926 589 1970 publicos
613 1931 643 1959 et
667 1926 796 1971 priva-

271 1989 332 2017 tos.

144 2039 214 2074 XI.
264 2039 384 2085 Agyros
411 2039 550 2085 acquiri
574 2039 708 2083 populo
731 2044 795 2071 aut

269 2097 340 2142 ejus
359 2097 458 2142 cujus
474 2102 521 2131 est
538 2096 676 2130 bellum.

266 2154 337 2188 Res
361 2154 500 2187 mobiles
520 2159 550 2187 et
570 2164 602 2187 se
627 2159 794 2187 moventes

268 2217 350 2246 actu
365 2211 510 2256 privato
531 2216 654 2255 captas
673 2210 794 2255 sinyu-

267 2268 384 2302 lorum
401 2267 613 2313 capientium
625 2267 711 2312 fieri
723 2279 735 2305 ;

117 2325 225 2359 XIII.
259 2326 341 2359 Nisi
367 2326 419 2359 lex
448 2325 558 2359 civilis
589 2324 693 2358 aliud
721 2329 793 2357 sta-

267 2388 355 2417 tuat.

141 1239 226 1274 VII.

130 1468 237 1504 VIII.

154 1868 203 1903 {A

136 2153 226 2188 XII.

895 555 1001 589 XIV.
1032 553 1164 600 Captae
1197 561 1279 589 actu
1310 555 1453 601 publico
1480 557 1566 602 fieri

1034 612 1172 657 populi,
1202 618 1266 646 aut
1295 614 1366 659 ejus
1397 614 1494 659 cujus
1519 619 1566 648 est

1040 669 1189 702 bellum.-

1036 725 1240 759 Arbitrium
1281 732 1398 761 tamen
1438 727 1477 760 in
1512 739 1566 762 res

1040 782 1125 815 tales
1150 782 1296 826 aliquod
1323 784 1428 817 solere
1457 784 1566 829 impe-

1039 838 1218 873 ratoribus
1239 840 1398 873 concedi:

894 895 999 929 XVI.
1037 895 1108 937 Qui
1141 901 1206 930 aut
1237 908 1291 930 res
1326 897 1486 941 referunt
1518 898 1568 931 ad

1038 953 1237 986 cerarium:

895 1009 1019 1044 XVII.
1048 1008 1124 1043 Aut
1159 1010 1322 1045 dividunt
1361 1011 1491 1045 militi:
1535 1016 1565 1045 et

1036 1068 1231 1112 quomodo:

878 1124 1022 1159 XVIII.
1039 1124 1115 1158 Aut
1155 1125 1385 1170 direptionem
1416 1126 1564 1171 permit-

1039 1187 1142 1216 tunt:

901 1239 1010 1274 XIX.
1042 1238 1118 1273 Aut
1135 1239 1216 1274 aliis
1232 1240 1422 1274 concedunt
1433 1252 1444 1273 .·

906 1297 996 1332 XX.
1034 1296 1111 1331 Aut
1127 1298 1245 1342 factis
1272 1298 1439 1342 partibus
1463 1297 1566 1331 aliud

1037 1359 1140 1399 atque
1152 1355 1256 1389 aliud
1263 1360 1425 1389 statuunt
1438 1360 1468 1389 et
1481 1367 1565 1400 quo-

1038 1412 1153 1445 modo.

1039 1468 1252 1517 Peculatum
1278 1469 1375 1504 circa
1396 1470 1565 1515 praedam

1038 1526 1217 1560 committi.

885 1583 1014 1618 XXII.
1036 1583 1128 1629 Leye
1164 1589 1228 1617 aut
1264 1584 1335 1618 alio
1370 1584 1564 1619 voluntatis

1037 1647 1120 1675 actu
1136 1641 1176 1675 de
1197 1642 1282 1687 jure
1306 1642 1366 1676 lioe
1387 1642 1564 1676 communi

1038 1698 1178 1743 aliquid
1194 1698 1381 1732 immutari
1391 1710 1502 1744 posse.

873 1755 1021 1789 XXIII.
1037 1755 1097 1789 Sic
1112 1755 1212 1790 sociis
1223 1756 1391 1801 prcedam
1404 1756 1543 1790 concedi
1551 1768 1561 1788 .·

873 1812 1017 1846 XXIV.
1036 1812 1139 1857 Saepe
1180 1818 1211 1847 et
1250 1813 1418 1847 subditis.-
1469 1813 1565 1858 quod

1033 1870 1145 1903 variis
1165 1870 1327 1914 exemplis
1344 1870 1563 1904 terrestribus

1033 1932 1064 1960 et
1084 1926 1276 1960 maritimis
1296 1926 1514 1961 illustratur.

876 1982 1001 2016 XXV.
1040 1983 1130 2017 Usus
1151 1984 1420 2018 antedictorum.

871 2039 1016 2074 XXVI.
1033 2040 1096 2074 An
1131 2047 1238 2086 capta
1281 2047 1382 2076 eoetra
1424 2041 1560 2075 territo-

1032 2098 1128 2131 rium
1149 2098 1330 2143 utriusque
1354 2099 1474 2143 partis
1495 2098 1561 2132 bel-

1033 2155 1186 2189 lantium
1211 2156 1448 2200 acquirantur
1483 2155 1562 2189 belli

907 725 992 758 XV.

894 1468 1001 1503 XXI.

1048 2224 1119 2247 ure.

859 2224 1099 2303 XXV11.szis
1116 2270 1176 2303 lioc
1193 2270 1287 2314 quod
1303 2270 1458 2304 diximus
1474 2280 1559 2314 quo-

1031 2327 1133 2361 modo
1154 2327 1232 2361 belli
1251 2327 1400 2361 solennis
1416 2327 1460 2360 sit
1472 2337 1558 2371 pro-

1024 2395 1163 2428 prium.

94 2482 126 2522 I.
173 2482 197 2522 1
309 2481 526 2522 RAETER
550 2479 805 2536 quorundam
837 2485 1001 2522 actuum
1033 2481 1141 2524 inter
1172 2482 1356 2525 homines
1383 2481 1558 2537 impuni-

331 2551 473 2595 tatem,
506 2545 558 2587 de
581 2559 662 2600 qua
686 2544 843 2601 egimus
872 2546 1081 2596 hactenus,
1107 2554 1169 2590 est
1193 2554 1234 2590 et
1265 2548 1367 2589 alius
1391 2548 1557 2589 effectus

93 2611 200 2654 bello
224 2610 380 2653 solenni
403 2625 455 2653 ex
471 2610 567 2667 jure
589 2610 773 2668 gentium
802 2611 1004 2668 propriu&

1075 2613 1136 2655 Ao
1158 2613 1254 2670 jure
1285 2619 1444 2655 naturae
1469 2612 1557 2669 qui>-

152 2796 333 2831 CHAPTER
354 2796 420 2831 VI.

476 2795 535 2841 Of
545 2796 596 2831 tlte
613 2796 708 2841 rigrlit
725 2797 773 2840 of
781 2797 970 2842 acquiriny
991 2797 1107 2843 thinqs
1124 2798 1296 2842 captured
1314 2797 1352 2831 in
1375 2797 1478 2832 War.

170 2886 199 2920 Ι.
261 2889 279 2919 1
320 2885 472 2920 Resides
505 2885 569 2920 the
600 2885 785 2931 impunity
814 2885 857 2919 of
881 2886 1023 2920 certain
1052 2889 1129 2920 acts
1155 2896 1291 2932 among
1316 2897 1415 2928 men,
1435 2885 1555 2921 which

94 2953 148 2976 we
171 2942 265 2977 have
292 2942 457 2978 hitherto
490 2942 639 2977 noticed
663 2953 703 2976 as
736 2953 806 2977 one
832 2942 875 2977 of
891 2941 955 2977 the
976 2943 1103 2978 effects
1131 2943 1174 2977 of
1197 2954 1281 2985 war,
1301 2943 1408 2980 there
1429 2944 1458 2978 is
1488 2955 1552 2978 an-
