<?xml version="1.0" encoding="UTF-8"?>
<!DOCTYPE html PUBLIC "-//W3C//DTD XHTML 1.0 Transitional//EN"
    "http://www.w3.org/TR/xhtml1/DTD/xhtml1-transitional.dtd">
<html xmlns="http://www.w3.org/1999/xhtml" xml:lang="en" lang="en">
 <head>
  <title>
</title>
<meta http-equiv="Content-Type" content="text/html;charset=utf-8" />
  <meta name='ocr-system' content='tesseract 3.04.00' />
  <meta name='ocr-capabilities' content='ocr_page ocr_carea ocr_par ocr_line ocrx_word'/>
</head>
<body>
  <div class='ocr_page' id='page_1' title='image "./dejurebellietpac03grotuoft_0449.png"; bbox 0 0 1971 3326; ppageno 0'>
   <div class='ocr_carea' id='block_1_1' title="bbox 702 183 1096 220">
    <p class='ocr_par' dir='ltr' id='par_1_1' title="bbox 702 183 1096 220">
     <span class='ocr_line' id='line_1_1' title="bbox 702 183 1096 220; baseline 0.003 -1"><span class='ocrx_word' id='word_1_1' title='bbox 702 184 764 220; x_wconf 85' lang='lat' dir='ltr'>AC</span> <span class='ocrx_word' id='word_1_2' title='bbox 796 183 1096 220; x_wconf 83' lang='lat' dir='ltr'>VERBORUM.</span> 
     </span>
    </p>
   </div>
   <div class='ocr_carea' id='block_1_2' title="bbox 59 298 865 2969">
    <p class='ocr_par' dir='ltr' id='par_1_2' title="bbox 96 298 863 439">
     <span class='ocr_line' id='line_1_2' title="bbox 96 298 862 336; baseline 0 -8"><span class='ocrx_word' id='word_1_3' title='bbox 96 298 229 329; x_wconf 88' lang='lat' dir='ltr'>cietatis.</span> <span class='ocrx_word' id='word_1_4' title='bbox 251 299 270 329; x_wconf 88' lang='lat' dir='ltr'>i.</span> <span class='ocrx_word' id='word_1_5' title='bbox 294 301 321 336; x_wconf 84' lang='grc'>4,</span> <span class='ocrx_word' id='word_1_6' title='bbox 343 301 371 336; x_wconf 93' lang='grc'>2,</span> <span class='ocrx_word' id='word_1_7' title='bbox 393 301 421 331; x_wconf 93' lang='lat'>1.</span> <span class='ocrx_word' id='word_1_8' title='bbox 463 299 582 328; x_wconf 89' lang='lat' dir='ltr'>Eorum</span> <span class='ocrx_word' id='word_1_9' title='bbox 606 299 785 329; x_wconf 79' lang='lat' dir='ltr'><strong>resistentia</strong></span> <span class='ocrx_word' id='word_1_10' title='bbox 814 301 862 328; x_wconf 90' lang='lat' dir='ltr'>est</span> 
     </span>
     <span class='ocr_line' id='line_1_3' title="bbox 98 349 861 389; baseline 0.003 -11"><span class='ocrx_word' id='word_1_11' title='bbox 98 349 197 378; x_wconf 82' lang='lat' dir='ltr'>vetita</span> <span class='ocrx_word' id='word_1_12' title='bbox 218 350 292 388; x_wconf 82' lang='lat' dir='ltr'>jure</span> <span class='ocrx_word' id='word_1_13' title='bbox 330 351 476 386; x_wconf 81' lang='lat' dir='ltr'>Hebraeo,</span> <span class='ocrx_word' id='word_1_14' title='bbox 505 353 536 380; x_wconf 91' lang='lat' dir='ltr'>et</span> <span class='ocrx_word' id='word_1_15' title='bbox 556 351 628 389; x_wconf 88' lang='lat' dir='ltr'>jure</span> <span class='ocrx_word' id='word_1_16' title='bbox 658 350 861 388; x_wconf 82' lang='lat' dir='ltr'>EvangelicO.</span> 
     </span>
     <span class='ocr_line' id='line_1_4' title="bbox 98 400 863 439; baseline 0 -11"><span class='ocrx_word' id='word_1_17' title='bbox 98 400 118 428; x_wconf 86' lang='lat' dir='ltr'>i.</span> <span class='ocrx_word' id='word_1_18' title='bbox 134 401 165 434; x_wconf 86' lang='lat'>4,</span> <span class='ocrx_word' id='word_1_19' title='bbox 179 402 208 437; x_wconf 89' lang='lat'>3,</span> <span class='ocrx_word' id='word_1_20' title='bbox 223 403 252 430; x_wconf 88' lang='lat'>4.</span> <span class='ocrx_word' id='word_1_21' title='bbox 291 401 354 430; x_wconf 89' lang='lat' dir='ltr'>Pro</span> <span class='ocrx_word' id='word_1_22' title='bbox 369 401 599 439; x_wconf 81' lang='lat' dir='ltr'>imperantibus</span> <span class='ocrx_word' id='word_1_23' title='bbox 614 400 744 430; x_wconf 80' lang='lat' dir='ltr'>bellant.</span> <span class='ocrx_word' id='word_1_24' title='bbox 767 400 789 429; x_wconf 91' lang='lat' dir='ltr'>i.</span> <span class='ocrx_word' id='word_1_25' title='bbox 804 400 832 436; x_wconf 91' lang='lat'>5,</span> <span class='ocrx_word' id='word_1_26' title='bbox 844 400 863 428; x_wconf 88' lang='lat'><strong>3</strong></span> 
     </span>
    </p>

    <p class='ocr_par' dir='ltr' id='par_1_3' title="bbox 59 448 864 787">
     <span class='ocr_line' id='line_1_5' title="bbox 59 448 861 488; baseline 0.001 -10"><span class='ocrx_word' id='word_1_27' title='bbox 59 448 203 478; x_wconf 89' lang='lat' dir='ltr'>Subditis</span> <span class='ocrx_word' id='word_1_28' title='bbox 225 450 314 479; x_wconf 87' lang='lat' dir='ltr'>illata</span> <span class='ocrx_word' id='word_1_29' title='bbox 335 450 381 479; x_wconf 85' lang='lat' dir='ltr'>vis</span> <span class='ocrx_word' id='word_1_30' title='bbox 401 460 512 488; x_wconf 85' lang='lat' dir='ltr'>pacem</span> <span class='ocrx_word' id='word_1_31' title='bbox 533 450 664 488; x_wconf 90' lang='lat' dir='ltr'>rumpit.</span> <span class='ocrx_word' id='word_1_32' title='bbox 685 450 728 478; x_wconf 92' lang='lat' dir='ltr'>iii.</span> <span class='ocrx_word' id='word_1_33' title='bbox 744 451 792 486; x_wconf 97' lang='lat'>20,</span> <span class='ocrx_word' id='word_1_34' title='bbox 813 451 861 479; x_wconf 84' lang='lat'>32.</span> 
     </span>
     <span class='ocr_line' id='line_1_6' title="bbox 98 499 861 539; baseline 0.001 -11"><span class='ocrx_word' id='word_1_35' title='bbox 98 499 251 537; x_wconf 87' lang='lat' dir='ltr'>Alterius,</span> <span class='ocrx_word' id='word_1_36' title='bbox 273 501 327 538; x_wconf 88' lang='lat' dir='ltr'>qui</span> <span class='ocrx_word' id='word_1_37' title='bbox 348 501 459 539; x_wconf 84' lang='lat' dir='ltr'>piratae</span> <span class='ocrx_word' id='word_1_38' title='bbox 482 501 554 537; x_wconf 91' lang='lat' dir='ltr'>sint,</span> <span class='ocrx_word' id='word_1_39' title='bbox 570 501 616 529; x_wconf 89' lang='lat' dir='ltr'>vis</span> <span class='ocrx_word' id='word_1_40' title='bbox 636 500 736 536; x_wconf 83' lang='lat' dir='ltr'>illata,</span> <span class='ocrx_word' id='word_1_41' title='bbox 751 509 861 538; x_wconf 81' lang='lat' dir='ltr'>pacem</span> 
     </span>
     <span class='ocr_line' id='line_1_7' title="bbox 99 550 863 588; baseline 0.001 -10"><span class='ocrx_word' id='word_1_42' title='bbox 99 559 163 578; x_wconf 89' lang='lat' dir='ltr'>non</span> <span class='ocrx_word' id='word_1_43' title='bbox 191 550 321 588; x_wconf 80' lang='lat' dir='ltr'><strong>rumpit.</strong></span> <span class='ocrx_word' id='word_1_44' title='bbox 357 550 435 581; x_wconf 88' lang='lat' dir='ltr'>ibid.</span> <span class='ocrx_word' id='word_1_45' title='bbox 478 551 679 580; x_wconf 87' lang='lat' dir='ltr'>Bellantibus</span> <span class='ocrx_word' id='word_1_46' title='bbox 708 551 863 588; x_wconf 85' lang='lat' dir='ltr'>promissa</span> 
     </span>
     <span class='ocr_line' id='line_1_8' title="bbox 98 600 862 637; baseline 0.001 -9"><span class='ocrx_word' id='word_1_47' title='bbox 98 609 139 629; x_wconf 89' lang='lat' dir='ltr'>an</span> <span class='ocrx_word' id='word_1_48' title='bbox 168 602 309 630; x_wconf 82' lang='lat' dir='ltr'>teneant.</span> <span class='ocrx_word' id='word_1_49' title='bbox 332 601 376 630; x_wconf 87' lang='lat' dir='ltr'>iii.</span> <span class='ocrx_word' id='word_1_50' title='bbox 402 601 451 637; x_wconf 87' lang='lat'>19,</span> <span class='ocrx_word' id='word_1_51' title='bbox 475 601 503 631; x_wconf 85' lang='lat'>6.</span> <span class='ocrx_word' id='word_1_52' title='bbox 546 601 776 630; x_wconf 85' lang='lat' dir='ltr'>Dubitantibus</span> <span class='ocrx_word' id='word_1_53' title='bbox 804 600 862 629; x_wconf 85' lang='lat' dir='ltr'>tri-</span> 
     </span>
     <span class='ocr_line' id='line_1_9' title="bbox 97 649 864 688; baseline 0 -10"><span class='ocrx_word' id='word_1_54' title='bbox 97 649 177 678; x_wconf 85' lang='lat' dir='ltr'>buta</span> <span class='ocrx_word' id='word_1_55' title='bbox 199 650 304 688; x_wconf 91' lang='lat' dir='ltr'>potius</span> <span class='ocrx_word' id='word_1_56' title='bbox 327 650 524 688; x_wconf 89' lang='lat' dir='ltr'>imperanda,</span> <span class='ocrx_word' id='word_1_57' title='bbox 548 660 642 688; x_wconf 87' lang='lat' dir='ltr'>quam</span> <span class='ocrx_word' id='word_1_58' title='bbox 664 659 761 679; x_wconf 88' lang='lat' dir='ltr'>onera</span> <span class='ocrx_word' id='word_1_59' title='bbox 781 650 864 678; x_wconf 89' lang='lat' dir='ltr'>mili-</span> 
     </span>
     <span class='ocr_line' id='line_1_10' title="bbox 98 699 864 737; baseline 0 -9"><span class='ocrx_word' id='word_1_60' title='bbox 98 699 191 728; x_wconf 77' lang='lat' dir='ltr'>taria.</span> <span class='ocrx_word' id='word_1_61' title='bbox 212 699 244 728; x_wconf 90' lang='lat' dir='ltr'>ii.</span> <span class='ocrx_word' id='word_1_62' title='bbox 261 699 308 736; x_wconf 85' lang='lat'>26,</span> <span class='ocrx_word' id='word_1_63' title='bbox 331 700 359 729; x_wconf 90' lang='grc'>5.</span> <span class='ocrx_word' id='word_1_64' title='bbox 401 700 567 728; x_wconf 84' lang='lat' dir='ltr'>Interdum</span> <span class='ocrx_word' id='word_1_65' title='bbox 589 700 697 737; x_wconf 85' lang='lat' dir='ltr'>praeda</span> <span class='ocrx_word' id='word_1_66' title='bbox 718 700 864 729; x_wconf 91' lang='lat' dir='ltr'>concedi-</span> 
     </span>
     <span class='ocr_line' id='line_1_11' title="bbox 99 749 327 787; baseline 0 -9"><span class='ocrx_word' id='word_1_67' title='bbox 99 752 163 778; x_wconf 85' lang='lat' dir='ltr'>tur.</span> <span class='ocrx_word' id='word_1_68' title='bbox 184 749 228 778; x_wconf 90' lang='lat' dir='ltr'>iii.</span> <span class='ocrx_word' id='word_1_69' title='bbox 243 749 273 787; x_wconf 88' lang='lat'>6,</span> <span class='ocrx_word' id='word_1_70' title='bbox 288 750 327 778; x_wconf 86' lang='lat'>24</span> 
     </span>
    </p>

    <p class='ocr_par' dir='ltr' id='par_1_4' title="bbox 61 799 863 937">
     <span class='ocr_line' id='line_1_12' title="bbox 61 799 863 837; baseline -0.001 -9"><span class='ocrx_word' id='word_1_71' title='bbox 61 799 213 828; x_wconf 87' lang='lat' dir='ltr'>Subditus</span> <span class='ocrx_word' id='word_1_72' title='bbox 227 799 298 837; x_wconf 83' lang='lat' dir='ltr'>cogi</span> <span class='ocrx_word' id='word_1_73' title='bbox 313 801 430 837; x_wconf 87' lang='lat' dir='ltr'>potest,</span> <span class='ocrx_word' id='word_1_74' title='bbox 446 802 482 828; x_wconf 86' lang='lat' dir='ltr'>ut</span> <span class='ocrx_word' id='word_1_75' title='bbox 496 799 587 828; x_wconf 84' lang='lat' dir='ltr'>obses</span> <span class='ocrx_word' id='word_1_76' title='bbox 602 802 663 834; x_wconf 82' lang='lat' dir='ltr'>eat,</span> <span class='ocrx_word' id='word_1_77' title='bbox 679 801 710 828; x_wconf 92' lang='lat' dir='ltr'>et</span> <span class='ocrx_word' id='word_1_78' title='bbox 730 807 863 837; x_wconf 85' lang='lat' dir='ltr'>quomo-</span> 
     </span>
     <span class='ocr_line' id='line_1_13' title="bbox 99 848 860 885; baseline 0 -8"><span class='ocrx_word' id='word_1_79' title='bbox 99 848 151 878; x_wconf 89' lang='lat' dir='ltr'>do.</span> <span class='ocrx_word' id='word_1_80' title='bbox 171 848 216 878; x_wconf 88' lang='lat' dir='ltr'>iii.</span> <span class='ocrx_word' id='word_1_81' title='bbox 231 850 280 885; x_wconf 86' lang='grc'>20,</span> <span class='ocrx_word' id='word_1_82' title='bbox 292 850 342 878; x_wconf 92' lang='lat'>52.</span> <span class='ocrx_word' id='word_1_83' title='bbox 383 848 544 878; x_wconf 86' lang='lat' dir='ltr'>Dubitans</span> <span class='ocrx_word' id='word_1_84' title='bbox 564 857 604 877; x_wconf 90' lang='lat' dir='ltr'>an</span> <span class='ocrx_word' id='word_1_85' title='bbox 627 851 713 878; x_wconf 89' lang='lat' dir='ltr'>recte</span> <span class='ocrx_word' id='word_1_86' title='bbox 734 848 860 877; x_wconf 86' lang='lat' dir='ltr'>militet.</span> 
     </span>
     <span class='ocr_line' id='line_1_14' title="bbox 99 897 443 937; baseline 0.006 -11"><span class='ocrx_word' id='word_1_87' title='bbox 99 897 129 926; x_wconf 91' lang='lat' dir='ltr'>ii.</span> <span class='ocrx_word' id='word_1_88' title='bbox 147 898 197 934; x_wconf 87' lang='lat'>26,</span> <span class='ocrx_word' id='word_1_89' title='bbox 211 899 240 934; x_wconf 86' lang='lat'>5,</span> <span class='ocrx_word' id='word_1_90' title='bbox 257 897 284 928; x_wconf 64' lang='grc' dir='ltr'>ὣ</span> <span class='ocrx_word' id='word_1_91' title='bbox 301 897 361 937; x_wconf 77' lang='lat'>§4‚</span> <span class='ocrx_word' id='word_1_92' title='bbox 379 900 407 933; x_wconf 88' lang='lat'>1,</span> <span class='ocrx_word' id='word_1_93' title='bbox 423 900 443 928; x_wconf 96' lang='lat'>4</span> 
     </span>
    </p>

    <p class='ocr_par' dir='ltr' id='par_1_5' title="bbox 61 946 864 1334">
     <span class='ocr_line' id='line_1_15' title="bbox 61 946 861 986; baseline 0.001 -10"><span class='ocrx_word' id='word_1_94' title='bbox 61 946 268 976; x_wconf 90' lang='lat' dir='ltr'>Subditorum</span> <span class='ocrx_word' id='word_1_95' title='bbox 289 948 424 977; x_wconf 81' lang='lat' dir='ltr'>facultas</span> <span class='ocrx_word' id='word_1_96' title='bbox 445 947 650 977; x_wconf 88' lang='lat' dir='ltr'>deliberatrix</span> <span class='ocrx_word' id='word_1_97' title='bbox 665 948 861 986; x_wconf 87' lang='lat' dir='ltr'>imperfecta.</span> 
     </span>
     <span class='ocr_line' id='line_1_16' title="bbox 97 997 863 1036; baseline 0.001 -10"><span class='ocrx_word' id='word_1_98' title='bbox 97 997 131 1026; x_wconf 87' lang='lat' dir='ltr'>ii.</span> <span class='ocrx_word' id='word_1_99' title='bbox 153 998 201 1034; x_wconf 86' lang='lat'>26,</span> <span class='ocrx_word' id='word_1_100' title='bbox 224 999 253 1034; x_wconf 90' lang='lat'>4,</span> <span class='ocrx_word' id='word_1_101' title='bbox 275 1000 306 1027; x_wconf 90' lang='lat'>2.</span> <span class='ocrx_word' id='word_1_102' title='bbox 346 999 484 1027; x_wconf 84' lang='lat' dir='ltr'>Ratione</span> <span class='ocrx_word' id='word_1_103' title='bbox 507 1008 546 1027; x_wconf 87' lang='lat' dir='ltr'>an</span> <span class='ocrx_word' id='word_1_104' title='bbox 571 998 690 1028; x_wconf 91' lang='lat' dir='ltr'>bellum</span> <span class='ocrx_word' id='word_1_105' title='bbox 714 998 863 1036; x_wconf 89' lang='lat' dir='ltr'>utrinque</span> 
     </span>
     <span class='ocr_line' id='line_1_17' title="bbox 95 1047 864 1086; baseline 0 -10"><span class='ocrx_word' id='word_1_106' title='bbox 95 1047 231 1086; x_wconf 87' lang='lat' dir='ltr'>justum.</span> <span class='ocrx_word' id='word_1_107' title='bbox 253 1047 284 1076; x_wconf 86' lang='lat' dir='ltr'>ii.</span> <span class='ocrx_word' id='word_1_108' title='bbox 311 1048 361 1085; x_wconf 89' lang='lat'>26,</span> <span class='ocrx_word' id='word_1_109' title='bbox 387 1049 415 1084; x_wconf 91' lang='lat'>4,</span> <span class='ocrx_word' id='word_1_110' title='bbox 433 1049 465 1078; x_wconf 84' lang='lat'>3.</span> <span class='ocrx_word' id='word_1_111' title='bbox 506 1048 659 1077; x_wconf 86' lang='lat' dir='ltr'>Defensio</span> <span class='ocrx_word' id='word_1_112' title='bbox 688 1057 728 1076; x_wconf 90' lang='lat' dir='ltr'>an</span> <span class='ocrx_word' id='word_1_113' title='bbox 757 1048 864 1086; x_wconf 85' lang='lat' dir='ltr'>aliqua.</span> 
     </span>
     <span class='ocr_line' id='line_1_18' title="bbox 92 1097 864 1136; baseline 0 -10"><span class='ocrx_word' id='word_1_114' title='bbox 92 1097 183 1136; x_wconf 83' lang='lat' dir='ltr'>justa</span> <span class='ocrx_word' id='word_1_115' title='bbox 193 1098 225 1126; x_wconf 91' lang='lat' dir='ltr'>in</span> <span class='ocrx_word' id='word_1_116' title='bbox 239 1097 324 1126; x_wconf 86' lang='lat' dir='ltr'>bello</span> <span class='ocrx_word' id='word_1_117' title='bbox 342 1097 470 1136; x_wconf 82' lang='lat' dir='ltr'>injusto.</span> <span class='ocrx_word' id='word_1_118' title='bbox 494 1097 526 1126; x_wconf 91' lang='lat' dir='ltr'>ii.</span> <span class='ocrx_word' id='word_1_119' title='bbox 543 1098 591 1133; x_wconf 87' lang='lat'>26,</span> <span class='ocrx_word' id='word_1_120' title='bbox 606 1097 635 1134; x_wconf 87' lang='lat'>6,</span> <span class='ocrx_word' id='word_1_121' title='bbox 651 1100 677 1127; x_wconf 89' lang='lat'>1.</span> <span class='ocrx_word' id='word_1_122' title='bbox 717 1098 864 1126; x_wconf 84' lang='lat' dir='ltr'>Libertas</span> 
     </span>
     <span class='ocr_line' id='line_1_19' title="bbox 99 1146 863 1185; baseline -0.001 -9"><span class='ocrx_word' id='word_1_123' title='bbox 99 1147 261 1185; x_wconf 87' lang='lat' dir='ltr'>obligatur</span> <span class='ocrx_word' id='word_1_124' title='bbox 281 1156 320 1175; x_wconf 85' lang='lat' dir='ltr'>ex</span> <span class='ocrx_word' id='word_1_125' title='bbox 340 1147 426 1175; x_wconf 80' lang='lat' dir='ltr'>facto</span> <span class='ocrx_word' id='word_1_126' title='bbox 442 1147 650 1184; x_wconf 85' lang='lat' dir='ltr'>superiorum.</span> <span class='ocrx_word' id='word_1_127' title='bbox 673 1146 716 1176; x_wconf 87' lang='lat' dir='ltr'>iii.</span> <span class='ocrx_word' id='word_1_128' title='bbox 736 1148 767 1182; x_wconf 83' lang='lat'>2,</span> <span class='ocrx_word' id='word_1_129' title='bbox 788 1149 818 1182; x_wconf 89' lang='lat'>2,</span> <span class='ocrx_word' id='word_1_130' title='bbox 833 1148 863 1184; x_wconf 87' lang='lat'>1,</span> 
     </span>
     <span class='ocr_line' id='line_1_20' title="bbox 99 1196 863 1234; baseline 0.001 -8"><span class='ocrx_word' id='word_1_131' title='bbox 99 1198 130 1226; x_wconf 89' lang='lat'>2.</span> <span class='ocrx_word' id='word_1_132' title='bbox 172 1196 306 1226; x_wconf 87' lang='lat' dir='ltr'>Factum</span> <span class='ocrx_word' id='word_1_133' title='bbox 326 1205 367 1225; x_wconf 88' lang='lat' dir='ltr'>an</span> <span class='ocrx_word' id='word_1_134' title='bbox 386 1205 497 1234; x_wconf 83' lang='lat' dir='ltr'>pacem</span> <span class='ocrx_word' id='word_1_135' title='bbox 512 1199 653 1234; x_wconf 83' lang='lat' dir='ltr'>rumpat.</span> <span class='ocrx_word' id='word_1_136' title='bbox 674 1196 716 1225; x_wconf 91' lang='lat' dir='ltr'>iii.</span> <span class='ocrx_word' id='word_1_137' title='bbox 740 1198 788 1232; x_wconf 87' lang='lat'>20,</span> <span class='ocrx_word' id='word_1_138' title='bbox 812 1198 863 1227; x_wconf 85' lang='grc'>30.</span> 
     </span>
     <span class='ocr_line' id='line_1_21' title="bbox 100 1246 863 1283; baseline 0 -8"><span class='ocrx_word' id='word_1_139' title='bbox 100 1246 324 1276; x_wconf 89' lang='lat' dir='ltr'>Innocentium</span> <span class='ocrx_word' id='word_1_140' title='bbox 346 1255 396 1275; x_wconf 90' lang='lat' dir='ltr'>res</span> <span class='ocrx_word' id='word_1_141' title='bbox 418 1246 450 1274; x_wconf 91' lang='lat' dir='ltr'>in</span> <span class='ocrx_word' id='word_1_142' title='bbox 465 1254 592 1283; x_wconf 88' lang='lat' dir='ltr'>poenam</span> <span class='ocrx_word' id='word_1_143' title='bbox 618 1254 681 1274; x_wconf 89' lang='lat' dir='ltr'>non</span> <span class='ocrx_word' id='word_1_144' title='bbox 701 1249 788 1275; x_wconf 85' lang='lat' dir='ltr'>recte</span> <span class='ocrx_word' id='word_1_145' title='bbox 811 1255 863 1275; x_wconf 90' lang='lat' dir='ltr'>ca-</span> 
     </span>
     <span class='ocr_line' id='line_1_22' title="bbox 100 1295 403 1334; baseline 0 -9"><span class='ocrx_word' id='word_1_146' title='bbox 100 1296 242 1334; x_wconf 89' lang='lat' dir='ltr'>piuntur.</span> <span class='ocrx_word' id='word_1_147' title='bbox 265 1295 308 1325; x_wconf 88' lang='lat' dir='ltr'>iii.</span> <span class='ocrx_word' id='word_1_148' title='bbox 323 1297 371 1332; x_wconf 87' lang='lat'>13,</span> <span class='ocrx_word' id='word_1_149' title='bbox 385 1298 403 1325; x_wconf 94' lang='lat'>2</span> 
     </span>
    </p>

    <p class='ocr_par' dir='ltr' id='par_1_6' title="bbox 61 1346 865 1475">
     <span class='ocr_line' id='line_1_23' title="bbox 61 1346 865 1384; baseline -0.001 -7"><span class='ocrx_word' id='word_1_150' title='bbox 61 1346 211 1377; x_wconf 85' lang='lat' dir='ltr'>Subditos</span> <span class='ocrx_word' id='word_1_151' title='bbox 223 1346 382 1384; x_wconf 83' lang='lat' dir='ltr'>suscipere</span> <span class='ocrx_word' id='word_1_152' title='bbox 400 1346 584 1384; x_wconf 85' lang='lat' dir='ltr'>migrantes,</span> <span class='ocrx_word' id='word_1_153' title='bbox 600 1355 662 1374; x_wconf 93' lang='lat' dir='ltr'>non</span> <span class='ocrx_word' id='word_1_154' title='bbox 685 1349 733 1376; x_wconf 86' lang='lat' dir='ltr'>est</span> <span class='ocrx_word' id='word_1_155' title='bbox 753 1350 865 1376; x_wconf 87' lang='lat' dir='ltr'>contra</span> 
     </span>
     <span class='ocr_line' id='line_1_24' title="bbox 100 1395 865 1435; baseline 0.003 -11"><span class='ocrx_word' id='word_1_156' title='bbox 100 1405 222 1435; x_wconf 88' lang='lat' dir='ltr'>pacem,</span> <span class='ocrx_word' id='word_1_157' title='bbox 239 1405 309 1434; x_wconf 86' lang='lat' dir='ltr'>quae</span> <span class='ocrx_word' id='word_1_158' title='bbox 325 1395 495 1424; x_wconf 82' lang='lat' dir='ltr'>amicitiam</span> <span class='ocrx_word' id='word_1_159' title='bbox 510 1396 742 1434; x_wconf 82' lang='lat' dir='ltr'>complectitur.</span> <span class='ocrx_word' id='word_1_160' title='bbox 760 1397 802 1427; x_wconf 87' lang='lat' dir='ltr'>iii.</span> <span class='ocrx_word' id='word_1_161' title='bbox 815 1399 865 1434; x_wconf 89' lang='lat'>20,</span> 
     </span>
     <span class='ocr_line' id='line_1_25' title="bbox 99 1447 138 1475; baseline 0 0"><span class='ocrx_word' id='word_1_162' title='bbox 99 1447 138 1475; x_wconf 88' lang='lat'><strong><em>41</em></strong></span> 
     </span>
    </p>

    <p class='ocr_par' dir='ltr' id='par_1_7' title="bbox 63 1495 865 2083">
     <span class='ocr_line' id='line_1_26' title="bbox 63 1495 863 1534; baseline 0.001 -9"><span class='ocrx_word' id='word_1_163' title='bbox 63 1495 227 1534; x_wconf 87' lang='lat' dir='ltr'>Subjeetio</span> <span class='ocrx_word' id='word_1_164' title='bbox 248 1496 347 1526; x_wconf 84' lang='lat' dir='ltr'>civilis</span> <span class='ocrx_word' id='word_1_165' title='bbox 369 1506 406 1526; x_wconf 87' lang='lat' dir='ltr'>ex</span> <span class='ocrx_word' id='word_1_166' title='bbox 428 1506 532 1534; x_wconf 84' lang='lat' dir='ltr'>poena.</span> <span class='ocrx_word' id='word_1_167' title='bbox 555 1497 588 1526; x_wconf 91' lang='lat' dir='ltr'>ii.</span> <span class='ocrx_word' id='word_1_168' title='bbox 606 1499 637 1531; x_wconf 87' lang='lat'>5,</span> <span class='ocrx_word' id='word_1_169' title='bbox 653 1499 701 1527; x_wconf 86' lang='lat'>32.</span> <span class='ocrx_word' id='word_1_170' title='bbox 745 1498 863 1528; x_wconf 86' lang='lat' dir='ltr'>Civilis.</span> 
     </span>
     <span class='ocr_line' id='line_1_27' title="bbox 97 1546 864 1583; baseline -0.001 -8"><span class='ocrx_word' id='word_1_171' title='bbox 97 1546 141 1575; x_wconf 86' lang='lat' dir='ltr'>iii.</span> <span class='ocrx_word' id='word_1_172' title='bbox 158 1547 188 1583; x_wconf 90' lang='lat'>8,</span> <span class='ocrx_word' id='word_1_173' title='bbox 202 1548 229 1582; x_wconf 89' lang='lat'>1,</span> <span class='ocrx_word' id='word_1_174' title='bbox 245 1547 273 1575; x_wconf 94' lang='lat'>1.</span> <span class='ocrx_word' id='word_1_175' title='bbox 304 1546 431 1575; x_wconf 86' lang='lat' dir='ltr'>Herilis.</span> <span class='ocrx_word' id='word_1_176' title='bbox 453 1547 531 1575; x_wconf 85' lang='lat' dir='ltr'>ibid.</span> <span class='ocrx_word' id='word_1_177' title='bbox 559 1548 672 1576; x_wconf 83' lang='lat' dir='ltr'>Mixta.</span> <span class='ocrx_word' id='word_1_178' title='bbox 694 1548 770 1577; x_wconf 87' lang='lat' dir='ltr'>ibid.</span> <span class='ocrx_word' id='word_1_179' title='bbox 801 1549 864 1577; x_wconf 78' lang='lat' dir='ltr'>Po-</span> 
     </span>
     <span class='ocr_line' id='line_1_28' title="bbox 100 1596 864 1635; baseline 0.005 -11"><span class='ocrx_word' id='word_1_180' title='bbox 100 1596 169 1634; x_wconf 89' lang='lat' dir='ltr'>puli</span> <span class='ocrx_word' id='word_1_181' title='bbox 183 1596 326 1634; x_wconf 85' lang='lat' dir='ltr'>perfecta</span> <span class='ocrx_word' id='word_1_182' title='bbox 341 1599 373 1625; x_wconf 87' lang='lat' dir='ltr'>et</span> <span class='ocrx_word' id='word_1_183' title='bbox 388 1597 586 1635; x_wconf 88' lang='lat' dir='ltr'>imperfecta.</span> <span class='ocrx_word' id='word_1_184' title='bbox 609 1598 640 1627; x_wconf 93' lang='lat' dir='ltr'>ii.</span> <span class='ocrx_word' id='word_1_185' title='bbox 663 1600 693 1634; x_wconf 89' lang='lat'>5,</span> <span class='ocrx_word' id='word_1_186' title='bbox 710 1600 758 1628; x_wconf 86' lang='grc'>31.</span> <span class='ocrx_word' id='word_1_187' title='bbox 801 1598 864 1628; x_wconf 84' lang='lat' dir='ltr'>Jus</span> 
     </span>
     <span class='ocr_line' id='line_1_29' title="bbox 101 1646 863 1684; baseline 0.001 -8"><span class='ocrx_word' id='word_1_188' title='bbox 101 1649 150 1676; x_wconf 79' lang='lat' dir='ltr'>est</span> <span class='ocrx_word' id='word_1_189' title='bbox 163 1646 195 1674; x_wconf 92' lang='lat' dir='ltr'>in</span> <span class='ocrx_word' id='word_1_190' title='bbox 210 1655 388 1684; x_wconf 87' lang='lat' dir='ltr'>personam.</span> <span class='ocrx_word' id='word_1_191' title='bbox 424 1646 499 1676; x_wconf 82' lang='lat' dir='ltr'>Vide</span> <span class='ocrx_word' id='word_1_192' title='bbox 512 1647 590 1676; x_wconf 73' lang='lat' dir='ltr'>LeX.</span> <span class='ocrx_word' id='word_1_193' title='bbox 612 1648 645 1676; x_wconf 86' lang='lat' dir='ltr'>ii.</span> <span class='ocrx_word' id='word_1_194' title='bbox 655 1649 683 1684; x_wconf 88' lang='lat'><strong><em>5,</em></strong></span> <span class='ocrx_word' id='word_1_195' title='bbox 696 1648 745 1678; x_wconf 85' lang='grc'>26.</span> <span class='ocrx_word' id='word_1_196' title='bbox 773 1649 863 1683; x_wconf 87' lang='lat' dir='ltr'>Quo-</span> 
     </span>
     <span class='ocr_line' id='line_1_30' title="bbox 101 1696 864 1734; baseline 0.004 -10"><span class='ocrx_word' id='word_1_197' title='bbox 101 1696 224 1734; x_wconf 86' lang='lat' dir='ltr'>tuplex.</span> <span class='ocrx_word' id='word_1_198' title='bbox 255 1696 335 1725; x_wconf 87' lang='lat' dir='ltr'>ibid.</span> <span class='ocrx_word' id='word_1_199' title='bbox 379 1696 430 1725; x_wconf 88' lang='lat' dir='ltr'>Fit</span> <span class='ocrx_word' id='word_1_200' title='bbox 449 1697 499 1725; x_wconf 83' lang='lat' dir='ltr'>vel</span> <span class='ocrx_word' id='word_1_201' title='bbox 524 1706 562 1724; x_wconf 85' lang='lat' dir='ltr'>ex</span> <span class='ocrx_word' id='word_1_202' title='bbox 586 1706 752 1726; x_wconf 88' lang='lat' dir='ltr'>consensu.</span> <span class='ocrx_word' id='word_1_203' title='bbox 787 1698 864 1727; x_wconf 83' lang='lat' dir='ltr'>ibid.</span> 
     </span>
     <span class='ocr_line' id='line_1_31' title="bbox 101 1745 865 1784; baseline -0.001 -8"><span class='ocrx_word' id='word_1_204' title='bbox 101 1746 165 1776; x_wconf 91' lang='lat' dir='ltr'>Vel</span> <span class='ocrx_word' id='word_1_205' title='bbox 187 1755 225 1775; x_wconf 88' lang='lat' dir='ltr'>ex</span> <span class='ocrx_word' id='word_1_206' title='bbox 249 1746 376 1774; x_wconf 90' lang='lat' dir='ltr'>delicto.</span> <span class='ocrx_word' id='word_1_207' title='bbox 398 1745 430 1774; x_wconf 87' lang='lat' dir='ltr'>ii.</span> <span class='ocrx_word' id='word_1_208' title='bbox 455 1747 487 1780; x_wconf 97' lang='lat'>5,</span> <span class='ocrx_word' id='word_1_209' title='bbox 510 1747 559 1774; x_wconf 88' lang='lat'>32.</span> <span class='ocrx_word' id='word_1_210' title='bbox 597 1745 865 1784; x_wconf 87' lang='lat' dir='ltr'>Christianorum,</span> 
     </span>
     <span class='ocr_line' id='line_1_32' title="bbox 102 1795 863 1834; baseline 0.001 -10"><span class='ocrx_word' id='word_1_211' title='bbox 102 1805 165 1834; x_wconf 89' lang='lat' dir='ltr'>qua</span> <span class='ocrx_word' id='word_1_212' title='bbox 188 1795 323 1824; x_wconf 86' lang='lat' dir='ltr'>subsunt</span> <span class='ocrx_word' id='word_1_213' title='bbox 346 1795 559 1833; x_wconf 83' lang='lat' dir='ltr'>magistratui,</span> <span class='ocrx_word' id='word_1_214' title='bbox 588 1798 717 1832; x_wconf 82' lang='lat' dir='ltr'>quanta.</span> <span class='ocrx_word' id='word_1_215' title='bbox 739 1796 759 1824; x_wconf 91' lang='lat' dir='ltr'>i.</span> <span class='ocrx_word' id='word_1_216' title='bbox 784 1798 812 1831; x_wconf 88' lang='lat'><strong><em>4,</em></strong></span> <span class='ocrx_word' id='word_1_217' title='bbox 835 1798 863 1826; x_wconf 89' lang='lat'>4.</span> 
     </span>
     <span class='ocr_line' id='line_1_33' title="bbox 101 1845 862 1882; baseline -0.001 -7"><span class='ocrx_word' id='word_1_218' title='bbox 101 1846 240 1875; x_wconf 84' lang='lat' dir='ltr'>Privata.</span> <span class='ocrx_word' id='word_1_219' title='bbox 262 1845 294 1874; x_wconf 90' lang='lat' dir='ltr'>ii.</span> <span class='ocrx_word' id='word_1_220' title='bbox 311 1846 339 1881; x_wconf 89' lang='lat'><strong><em>5,</em></strong></span> <span class='ocrx_word' id='word_1_221' title='bbox 351 1846 382 1874; x_wconf 89' lang='grc'>8.</span> <span class='ocrx_word' id='word_1_222' title='bbox 426 1845 510 1879; x_wconf 84' lang='lat' dir='ltr'>Quid</span> <span class='ocrx_word' id='word_1_223' title='bbox 526 1845 700 1875; x_wconf 88' lang='lat' dir='ltr'>contineat.</span> <span class='ocrx_word' id='word_1_224' title='bbox 722 1846 754 1875; x_wconf 86' lang='lat' dir='ltr'>ii.</span> <span class='ocrx_word' id='word_1_225' title='bbox 770 1847 798 1882; x_wconf 88' lang='grc'>5,</span> <span class='ocrx_word' id='word_1_226' title='bbox 814 1848 862 1876; x_wconf 92' lang='lat'>27.</span> 
     </span>
     <span class='ocr_line' id='line_1_34' title="bbox 102 1895 865 1933; baseline 0 -8"><span class='ocrx_word' id='word_1_227' title='bbox 102 1896 234 1925; x_wconf 84' lang='lat' dir='ltr'>Publica</span> <span class='ocrx_word' id='word_1_228' title='bbox 255 1904 334 1933; x_wconf 85' lang='lat' dir='ltr'>quae.</span> <span class='ocrx_word' id='word_1_229' title='bbox 364 1895 396 1924; x_wconf 90' lang='lat' dir='ltr'>ii.</span> <span class='ocrx_word' id='word_1_230' title='bbox 419 1895 447 1931; x_wconf 88' lang='lat'><strong><em>5,</em></strong></span> <span class='ocrx_word' id='word_1_231' title='bbox 462 1896 511 1924; x_wconf 85' lang='lat'>31.</span> <span class='ocrx_word' id='word_1_232' title='bbox 557 1895 709 1925; x_wconf 87' lang='lat' dir='ltr'>Continet</span> <span class='ocrx_word' id='word_1_233' title='bbox 730 1896 865 1925; x_wconf 87' lang='lat' dir='ltr'>necessi-</span> 
     </span>
     <span class='ocr_line' id='line_1_35' title="bbox 100 1944 865 1980; baseline -0.001 -5"><span class='ocrx_word' id='word_1_234' title='bbox 100 1948 201 1975; x_wconf 86' lang='lat' dir='ltr'>tatem</span> <span class='ocrx_word' id='word_1_235' title='bbox 222 1954 285 1973; x_wconf 91' lang='lat' dir='ltr'>non</span> <span class='ocrx_word' id='word_1_236' title='bbox 307 1944 483 1974; x_wconf 89' lang='lat' dir='ltr'>resistendi.</span> <span class='ocrx_word' id='word_1_237' title='bbox 506 1944 526 1973; x_wconf 89' lang='lat' dir='ltr'>i.</span> <span class='ocrx_word' id='word_1_238' title='bbox 548 1946 578 1980; x_wconf 88' lang='lat'><strong><em>4,</em></strong></span> <span class='ocrx_word' id='word_1_239' title='bbox 598 1946 626 1975; x_wconf 91' lang='lat'>4.</span> <span class='ocrx_word' id='word_1_240' title='bbox 669 1945 811 1974; x_wconf 80' lang='lat' dir='ltr'>Vocatur</span> <span class='ocrx_word' id='word_1_241' title='bbox 833 1949 865 1975; x_wconf 91' lang='lat' dir='ltr'>et</span> 
     </span>
     <span class='ocr_line' id='line_1_36' title="bbox 101 1994 865 2034; baseline 0 -10"><span class='ocrx_word' id='word_1_242' title='bbox 101 1995 210 2025; x_wconf 87' lang='lat' dir='ltr'>civilis.</span> <span class='ocrx_word' id='word_1_243' title='bbox 233 1994 276 2024; x_wconf 91' lang='lat' dir='ltr'>iii.</span> <span class='ocrx_word' id='word_1_244' title='bbox 290 1996 319 2030; x_wconf 87' lang='grc'>8,</span> <span class='ocrx_word' id='word_1_245' title='bbox 335 1996 363 2023; x_wconf 86' lang='grc'>1.</span> <span class='ocrx_word' id='word_1_246' title='bbox 398 1995 451 2022; x_wconf 93' lang='lat' dir='ltr'>An</span> <span class='ocrx_word' id='word_1_247' title='bbox 467 1994 622 2032; x_wconf 84' lang='lat' dir='ltr'>subjicere</span> <span class='ocrx_word' id='word_1_248' title='bbox 637 2004 670 2024; x_wconf 87' lang='lat' dir='ltr'>se</span> <span class='ocrx_word' id='word_1_249' title='bbox 684 1995 778 2024; x_wconf 86' lang='lat' dir='ltr'>liceat</span> <span class='ocrx_word' id='word_1_250' title='bbox 792 1996 865 2034; x_wconf 82' lang='lat' dir='ltr'>lege</span> 
     </span>
     <span class='ocr_line' id='line_1_37' title="bbox 101 2043 816 2083; baseline 0 -9"><span class='ocrx_word' id='word_1_251' title='bbox 101 2044 286 2083; x_wconf 82' lang='lat' dir='ltr'>evangelica</span> <span class='ocrx_word' id='word_1_252' title='bbox 300 2043 501 2082; x_wconf 82' lang='lat' dir='ltr'>magistratui</span> <span class='ocrx_word' id='word_1_253' title='bbox 516 2043 645 2072; x_wconf 87' lang='lat' dir='ltr'>infideli.</span> <span class='ocrx_word' id='word_1_254' title='bbox 666 2044 698 2074; x_wconf 91' lang='lat' dir='ltr'>ii.</span> <span class='ocrx_word' id='word_1_255' title='bbox 714 2046 761 2081; x_wconf 90' lang='lat'>15,</span> <span class='ocrx_word' id='word_1_256' title='bbox 778 2047 816 2074; x_wconf 87' lang='lat'><strong><em>10</em></strong></span> 
     </span>
    </p>

    <p class='ocr_par' dir='ltr' id='par_1_8' title="bbox 62 2093 864 2180">
     <span class='ocr_line' id='line_1_38' title="bbox 62 2093 864 2132; baseline 0.001 -8"><span class='ocrx_word' id='word_1_257' title='bbox 62 2094 339 2124; x_wconf 85' lang='lat' dir='ltr'>Subordinationis</span> <span class='ocrx_word' id='word_1_258' title='bbox 366 2096 481 2122; x_wconf 71' lang='lat' dir='ltr'>natura</span> <span class='ocrx_word' id='word_1_259' title='bbox 509 2096 542 2122; x_wconf 90' lang='lat' dir='ltr'>et</span> <span class='ocrx_word' id='word_1_260' title='bbox 571 2093 711 2123; x_wconf 84' lang='lat' dir='ltr'>effectus.</span> <span class='ocrx_word' id='word_1_261' title='bbox 739 2095 758 2123; x_wconf 89' lang='lat' dir='ltr'>i.</span> <span class='ocrx_word' id='word_1_262' title='bbox 781 2096 811 2132; x_wconf 87' lang='lat'>4,</span> <span class='ocrx_word' id='word_1_263' title='bbox 836 2095 864 2131; x_wconf 86' lang='lat'>6,</span> 
     </span>
     <span class='ocr_line' id='line_1_39' title="bbox 101 2145 164 2180; baseline 0 -7"><span class='ocrx_word' id='word_1_264' title='bbox 101 2145 129 2180; x_wconf 87' lang='lat'>1,</span> <span class='ocrx_word' id='word_1_265' title='bbox 146 2146 164 2173; x_wconf 91' lang='grc'><strong><em>2</em></strong></span> 
     </span>
    </p>

    <p class='ocr_par' dir='ltr' id='par_1_9' title="bbox 63 2193 863 2280">
     <span class='ocr_line' id='line_1_40' title="bbox 63 2193 863 2232; baseline -0.001 -9"><span class='ocrx_word' id='word_1_266' title='bbox 63 2193 257 2224; x_wconf 84' lang='lat' dir='ltr'>Substantiae</span> <span class='ocrx_word' id='word_1_267' title='bbox 284 2203 345 2222; x_wconf 85' lang='lat' dir='ltr'>vox</span> <span class='ocrx_word' id='word_1_268' title='bbox 367 2202 426 2232; x_wconf 92' lang='lat' dir='ltr'>pro</span> <span class='ocrx_word' id='word_1_269' title='bbox 448 2202 536 2222; x_wconf 89' lang='lat' dir='ltr'>more</span> <span class='ocrx_word' id='word_1_270' title='bbox 559 2196 725 2231; x_wconf 87' lang='lat' dir='ltr'>perpetuo.</span> <span class='ocrx_word' id='word_1_271' title='bbox 760 2194 791 2223; x_wconf 88' lang='lat' dir='ltr'>ii.</span> <span class='ocrx_word' id='word_1_272' title='bbox 817 2196 863 2230; x_wconf 87' lang='lat'>12,</span> 
     </span>
     <span class='ocr_line' id='line_1_41' title="bbox 103 2244 186 2280; baseline 0 -7"><span class='ocrx_word' id='word_1_273' title='bbox 103 2244 152 2280; x_wconf 88' lang='lat'>26,</span> <span class='ocrx_word' id='word_1_274' title='bbox 166 2245 186 2273; x_wconf 83' lang='lat'><strong>3</strong></span> 
     </span>
    </p>

    <p class='ocr_par' dir='ltr' id='par_1_10' title="bbox 63 2292 863 2675">
     <span class='ocr_line' id='line_1_42' title="bbox 63 2292 863 2329; baseline -0.003 -6"><span class='ocrx_word' id='word_1_275' title='bbox 63 2294 226 2323; x_wconf 87' lang='lat' dir='ltr'>Successio</span> <span class='ocrx_word' id='word_1_276' title='bbox 243 2294 372 2323; x_wconf 89' lang='lat' dir='ltr'>titulum</span> <span class='ocrx_word' id='word_1_277' title='bbox 386 2296 525 2322; x_wconf 89' lang='lat' dir='ltr'>veterem</span> <span class='ocrx_word' id='word_1_278' title='bbox 541 2292 716 2321; x_wconf 84' lang='lat' dir='ltr'>continuat.</span> <span class='ocrx_word' id='word_1_279' title='bbox 740 2292 760 2322; x_wconf 90' lang='lat' dir='ltr'>i.</span> <span class='ocrx_word' id='word_1_280' title='bbox 775 2294 804 2328; x_wconf 87' lang='grc'>3,</span> <span class='ocrx_word' id='word_1_281' title='bbox 816 2294 863 2329; x_wconf 91' lang='grc'><strong><em>10,</em></strong></span> 
     </span>
     <span class='ocr_line' id='line_1_43' title="bbox 101 2343 860 2381; baseline -0.001 -8"><span class='ocrx_word' id='word_1_282' title='bbox 101 2345 130 2373; x_wconf 89' lang='grc'>5.</span> <span class='ocrx_word' id='word_1_283' title='bbox 172 2343 310 2372; x_wconf 88' lang='lat' dir='ltr'>Linealis</span> <span class='ocrx_word' id='word_1_284' title='bbox 337 2343 368 2371; x_wconf 90' lang='lat' dir='ltr'>in</span> <span class='ocrx_word' id='word_1_285' title='bbox 397 2344 504 2381; x_wconf 79' lang='lat' dir='ltr'>regnis</span> <span class='ocrx_word' id='word_1_286' title='bbox 528 2352 610 2380; x_wconf 86' lang='lat' dir='ltr'>quae.</span> <span class='ocrx_word' id='word_1_287' title='bbox 630 2343 661 2371; x_wconf 88' lang='lat' dir='ltr'>ii.</span> <span class='ocrx_word' id='word_1_288' title='bbox 688 2345 716 2380; x_wconf 84' lang='lat'>7,</span> <span class='ocrx_word' id='word_1_289' title='bbox 742 2344 790 2379; x_wconf 88' lang='lat'>22,</span> <span class='ocrx_word' id='word_1_290' title='bbox 812 2345 860 2372; x_wconf 84' lang='lat'>23.</span> 
     </span>
     <span class='ocr_line' id='line_1_44' title="bbox 103 2391 862 2431; baseline -0.003 -9"><span class='ocrx_word' id='word_1_291' title='bbox 103 2393 282 2431; x_wconf 82' lang='lat' dir='ltr'>Cognatiea</span> <span class='ocrx_word' id='word_1_292' title='bbox 294 2393 427 2422; x_wconf 88' lang='lat' dir='ltr'>linealis.</span> <span class='ocrx_word' id='word_1_293' title='bbox 450 2392 481 2420; x_wconf 92' lang='lat' dir='ltr'>ii.</span> <span class='ocrx_word' id='word_1_294' title='bbox 498 2392 526 2427; x_wconf 90' lang='lat'>7,</span> <span class='ocrx_word' id='word_1_295' title='bbox 541 2394 589 2420; x_wconf 88' lang='lat'>22.</span> <span class='ocrx_word' id='word_1_296' title='bbox 632 2391 771 2420; x_wconf 88' lang='lat' dir='ltr'>Linealis</span> <span class='ocrx_word' id='word_1_297' title='bbox 791 2393 862 2420; x_wconf 87' lang='lat' dir='ltr'>nul-</span> 
     </span>
     <span class='ocr_line' id='line_1_45' title="bbox 100 2441 863 2480; baseline -0.001 -10"><span class='ocrx_word' id='word_1_298' title='bbox 100 2443 139 2471; x_wconf 91' lang='lat' dir='ltr'>lis</span> <span class='ocrx_word' id='word_1_299' title='bbox 154 2443 305 2480; x_wconf 82' lang='lat' dir='ltr'>gradibus</span> <span class='ocrx_word' id='word_1_300' title='bbox 321 2442 518 2470; x_wconf 87' lang='lat' dir='ltr'>terminatur.</span> <span class='ocrx_word' id='word_1_301' title='bbox 536 2441 612 2470; x_wconf 85' lang='lat' dir='ltr'>ibid.</span> <span class='ocrx_word' id='word_1_302' title='bbox 633 2441 710 2470; x_wconf 79' lang='lat' dir='ltr'>Not.</span> <span class='ocrx_word' id='word_1_303' title='bbox 723 2444 749 2470; x_wconf 91' lang='lat'>1.</span> <span class='ocrx_word' id='word_1_304' title='bbox 776 2441 863 2480; x_wconf 80' lang='lat' dir='ltr'>Reg-</span> 
     </span>
     <span class='ocr_line' id='line_1_46' title="bbox 101 2491 862 2528; baseline 0 -7"><span class='ocrx_word' id='word_1_305' title='bbox 101 2501 214 2521; x_wconf 91' lang='lat' dir='ltr'>norum</span> <span class='ocrx_word' id='word_1_306' title='bbox 236 2491 269 2519; x_wconf 85' lang='lat' dir='ltr'>in</span> <span class='ocrx_word' id='word_1_307' title='bbox 292 2491 410 2519; x_wconf 82' lang='lat' dir='ltr'>Africae.</span> <span class='ocrx_word' id='word_1_308' title='bbox 432 2492 575 2528; x_wconf 83' lang='lat' dir='ltr'>partibus</span> <span class='ocrx_word' id='word_1_309' title='bbox 602 2491 800 2528; x_wconf 87' lang='lat' dir='ltr'>quibusdam.</span> <span class='ocrx_word' id='word_1_310' title='bbox 830 2492 862 2521; x_wconf 90' lang='lat' dir='ltr'>ii.</span> 
     </span>
     <span class='ocr_line' id='line_1_47' title="bbox 102 2540 862 2578; baseline 0 -9"><span class='ocrx_word' id='word_1_311' title='bbox 102 2541 132 2576; x_wconf 88' lang='grc'>7,</span> <span class='ocrx_word' id='word_1_312' title='bbox 146 2543 194 2569; x_wconf 88' lang='lat'><strong><em>24.</em></strong></span> <span class='ocrx_word' id='word_1_313' title='bbox 237 2541 276 2569; x_wconf 91' lang='lat' dir='ltr'>In</span> <span class='ocrx_word' id='word_1_314' title='bbox 291 2540 397 2578; x_wconf 83' lang='lat' dir='ltr'>regnis</span> <span class='ocrx_word' id='word_1_315' title='bbox 409 2540 695 2577; x_wconf 83' lang='lat' dir='ltr'>patrimonialibus.</span> <span class='ocrx_word' id='word_1_316' title='bbox 717 2541 748 2570; x_wconf 88' lang='lat' dir='ltr'>ii.</span> <span class='ocrx_word' id='word_1_317' title='bbox 764 2541 794 2577; x_wconf 84' lang='lat'>7,</span> <span class='ocrx_word' id='word_1_318' title='bbox 814 2543 862 2571; x_wconf 89' lang='lat'>12.</span> 
     </span>
     <span class='ocr_line' id='line_1_48' title="bbox 100 2589 863 2628; baseline 0 -9"><span class='ocrx_word' id='word_1_319' title='bbox 100 2590 154 2619; x_wconf 90' lang='lat' dir='ltr'>Ab</span> <span class='ocrx_word' id='word_1_320' title='bbox 168 2589 321 2618; x_wconf 86' lang='lat' dir='ltr'>intestato</span> <span class='ocrx_word' id='word_1_321' title='bbox 336 2589 430 2617; x_wconf 89' lang='lat' dir='ltr'>unde.</span> <span class='ocrx_word' id='word_1_322' title='bbox 456 2589 487 2618; x_wconf 90' lang='lat' dir='ltr'>ii.</span> <span class='ocrx_word' id='word_1_323' title='bbox 504 2590 533 2626; x_wconf 86' lang='lat'>7,</span> <span class='ocrx_word' id='word_1_324' title='bbox 549 2591 578 2618; x_wconf 90' lang='lat'>3.</span> <span class='ocrx_word' id='word_1_325' title='bbox 615 2589 682 2618; x_wconf 90' lang='lat' dir='ltr'>Cur</span> <span class='ocrx_word' id='word_1_326' title='bbox 695 2590 797 2628; x_wconf 80' lang='lat' dir='ltr'>magis</span> <span class='ocrx_word' id='word_1_327' title='bbox 807 2591 863 2619; x_wconf 91' lang='lat' dir='ltr'>de-</span> 
     </span>
     <span class='ocr_line' id='line_1_49' title="bbox 102 2638 693 2675; baseline -0.002 -7"><span class='ocrx_word' id='word_1_328' title='bbox 102 2639 232 2668; x_wconf 85' lang='lat' dir='ltr'>scendat</span> <span class='ocrx_word' id='word_1_329' title='bbox 247 2646 342 2675; x_wconf 85' lang='lat' dir='ltr'>quam</span> <span class='ocrx_word' id='word_1_330' title='bbox 358 2638 518 2666; x_wconf 81' lang='lat' dir='ltr'>ascendat.</span> <span class='ocrx_word' id='word_1_331' title='bbox 541 2638 572 2667; x_wconf 90' lang='lat' dir='ltr'>ii.</span> <span class='ocrx_word' id='word_1_332' title='bbox 588 2639 614 2674; x_wconf 80' lang='lat'>7,</span> <span class='ocrx_word' id='word_1_333' title='bbox 629 2639 660 2673; x_wconf 89' lang='lat'>5,</span> <span class='ocrx_word' id='word_1_334' title='bbox 675 2640 693 2666; x_wconf 92' lang='lat'>2</span> 
     </span>
    </p>

    <p class='ocr_par' dir='ltr' id='par_1_11' title="bbox 62 2686 863 2775">
     <span class='ocr_line' id='line_1_50' title="bbox 62 2686 863 2724; baseline 0 -7"><span class='ocrx_word' id='word_1_335' title='bbox 62 2687 274 2718; x_wconf 89' lang='lat' dir='ltr'>Successionis</span> <span class='ocrx_word' id='word_1_336' title='bbox 304 2687 344 2715; x_wconf 89' lang='lat' dir='ltr'>ab</span> <span class='ocrx_word' id='word_1_337' title='bbox 372 2686 525 2715; x_wconf 87' lang='lat' dir='ltr'>intestato</span> <span class='ocrx_word' id='word_1_338' title='bbox 556 2689 629 2724; x_wconf 89' lang='lat' dir='ltr'>post</span> <span class='ocrx_word' id='word_1_339' title='bbox 657 2687 772 2716; x_wconf 90' lang='lat' dir='ltr'>liberos</span> <span class='ocrx_word' id='word_1_340' title='bbox 800 2688 863 2717; x_wconf 91' lang='lat' dir='ltr'>duo</span> 
     </span>
     <span class='ocr_line' id='line_1_51' title="bbox 100 2735 755 2775; baseline -0.002 -10"><span class='ocrx_word' id='word_1_341' title='bbox 100 2736 254 2775; x_wconf 77' lang='lat' dir='ltr'>praecipui</span> <span class='ocrx_word' id='word_1_342' title='bbox 267 2736 384 2764; x_wconf 86' lang='lat' dir='ltr'>fontes.</span> <span class='ocrx_word' id='word_1_343' title='bbox 406 2735 437 2764; x_wconf 87' lang='lat' dir='ltr'>ii.</span> <span class='ocrx_word' id='word_1_344' title='bbox 453 2735 482 2770; x_wconf 87' lang='grc'>7,</span> <span class='ocrx_word' id='word_1_345' title='bbox 498 2736 527 2771; x_wconf 87' lang='grc'>9,</span> <span class='ocrx_word' id='word_1_346' title='bbox 543 2737 572 2772; x_wconf 88' lang='grc'>1,</span> <span class='ocrx_word' id='word_1_347' title='bbox 584 2737 614 2773; x_wconf 94' lang='grc'>3,</span> <span class='ocrx_word' id='word_1_348' title='bbox 632 2735 659 2764; x_wconf 67' lang='lat'>&amp;1</span> <span class='ocrx_word' id='word_1_349' title='bbox 675 2738 724 2772; x_wconf 89' lang='grc'>11,</span> <span class='ocrx_word' id='word_1_350' title='bbox 738 2739 755 2764; x_wconf 91' lang='grc'>1</span> 
     </span>
    </p>

    <p class='ocr_par' dir='ltr' id='par_1_12' title="bbox 63 2784 863 2871">
     <span class='ocr_line' id='line_1_52' title="bbox 63 2784 863 2823; baseline -0.003 -7"><span class='ocrx_word' id='word_1_351' title='bbox 63 2785 300 2816; x_wconf 89' lang='lat' dir='ltr'>Successionem</span> <span class='ocrx_word' id='word_1_352' title='bbox 320 2784 453 2821; x_wconf 87' lang='lat' dir='ltr'>quisque</span> <span class='ocrx_word' id='word_1_353' title='bbox 474 2784 606 2822; x_wconf 86' lang='lat' dir='ltr'>elegisse</span> <span class='ocrx_word' id='word_1_354' title='bbox 626 2785 774 2821; x_wconf 90' lang='lat' dir='ltr'>creditur,</span> <span class='ocrx_word' id='word_1_355' title='bbox 793 2795 863 2823; x_wconf 88' lang='lat' dir='ltr'>quae</span> 
     </span>
     <span class='ocr_line' id='line_1_53' title="bbox 102 2832 631 2871; baseline -0.006 -8"><span class='ocrx_word' id='word_1_356' title='bbox 102 2834 135 2863; x_wconf 91' lang='lat' dir='ltr'>in</span> <span class='ocrx_word' id='word_1_357' title='bbox 149 2842 237 2862; x_wconf 88' lang='lat' dir='ltr'>more</span> <span class='ocrx_word' id='word_1_358' title='bbox 251 2833 363 2871; x_wconf 78' lang='lat' dir='ltr'>patriae</span> <span class='ocrx_word' id='word_1_359' title='bbox 378 2835 435 2861; x_wconf 89' lang='lat' dir='ltr'>est.</span> <span class='ocrx_word' id='word_1_360' title='bbox 458 2832 489 2862; x_wconf 91' lang='lat' dir='ltr'>ii.</span> <span class='ocrx_word' id='word_1_361' title='bbox 506 2832 534 2869; x_wconf 90' lang='lat'>7,</span> <span class='ocrx_word' id='word_1_362' title='bbox 551 2834 598 2868; x_wconf 89' lang='lat'>11,</span> <span class='ocrx_word' id='word_1_363' title='bbox 613 2834 631 2860; x_wconf 90' lang='grc'><strong><em>2</em></strong></span> 
     </span>
    </p>

    <p class='ocr_par' dir='ltr' id='par_1_13' title="bbox 62 2881 757 2919">
     <span class='ocr_line' id='line_1_54' title="bbox 62 2881 757 2919; baseline -0.003 -7"><span class='ocrx_word' id='word_1_364' title='bbox 62 2882 303 2912; x_wconf 82' lang='lat' dir='ltr'>Successionum</span> <span class='ocrx_word' id='word_1_365' title='bbox 319 2881 407 2919; x_wconf 81' lang='lat' dir='ltr'>leges</span> <span class='ocrx_word' id='word_1_366' title='bbox 422 2881 562 2911; x_wconf 77' lang='lat' dir='ltr'>diversae.</span> <span class='ocrx_word' id='word_1_367' title='bbox 584 2881 618 2911; x_wconf 88' lang='lat' dir='ltr'>ii.</span> <span class='ocrx_word' id='word_1_368' title='bbox 634 2882 661 2917; x_wconf 88' lang='lat'>7,</span> <span class='ocrx_word' id='word_1_369' title='bbox 678 2883 724 2917; x_wconf 89' lang='lat'>11,</span> <span class='ocrx_word' id='word_1_370' title='bbox 740 2884 757 2910; x_wconf 90' lang='lat'><strong><em>1</em></strong></span> 
     </span>
    </p>

    <p class='ocr_par' dir='ltr' id='par_1_14' title="bbox 65 2931 864 2969">
     <span class='ocr_line' id='line_1_55' title="bbox 65 2931 864 2969; baseline -0.001 -7"><span class='ocrx_word' id='word_1_371' title='bbox 65 2932 242 2962; x_wconf 84' lang='lat' dir='ltr'>Succedens</span> <span class='ocrx_word' id='word_1_372' title='bbox 270 2931 303 2960; x_wconf 93' lang='lat' dir='ltr'>in</span> <span class='ocrx_word' id='word_1_373' title='bbox 330 2939 430 2969; x_wconf 89' lang='lat' dir='ltr'>regno</span> <span class='ocrx_word' id='word_1_374' title='bbox 460 2931 673 2969; x_wconf 84' lang='lat' dir='ltr'>patrimoniali</span> <span class='ocrx_word' id='word_1_375' title='bbox 703 2932 864 2962; x_wconf 85' lang='lat' dir='ltr'>individuo</span> 
     </span>
    </p>
   </div>
   <div class='ocr_carea' id='block_1_3' title="bbox 1655 180 1736 220">
    <p class='ocr_par' dir='ltr' id='par_1_15' title="bbox 1655 180 1736 220">
     <span class='ocr_line' id='line_1_56' title="bbox 1655 180 1736 220; baseline 0.025 -2"><span class='ocrx_word' id='word_1_376' title='bbox 1655 180 1736 220; x_wconf 80' lang='lat'>439</span> 
     </span>
    </p>
   </div>
   <div class='ocr_carea' id='block_1_4' title="bbox 933 298 1742 1584">
    <p class='ocr_par' dir='ltr' id='par_1_16' title="bbox 971 298 1736 384">
     <span class='ocr_line' id='line_1_57' title="bbox 971 298 1736 337; baseline -0.003 -9"><span class='ocrx_word' id='word_1_377' title='bbox 971 299 1066 328; x_wconf 89' lang='lat' dir='ltr'>debet</span> <span class='ocrx_word' id='word_1_378' title='bbox 1087 298 1156 327; x_wconf 88' lang='lat' dir='ltr'>aliis</span> <span class='ocrx_word' id='word_1_379' title='bbox 1178 298 1354 328; x_wconf 77' lang='lat' dir='ltr'>haeredibus</span> <span class='ocrx_word' id='word_1_380' title='bbox 1378 298 1410 328; x_wconf 86' lang='lat' dir='ltr'>id</span> <span class='ocrx_word' id='word_1_381' title='bbox 1434 299 1537 337; x_wconf 90' lang='lat' dir='ltr'>ipsum</span> <span class='ocrx_word' id='word_1_382' title='bbox 1557 306 1736 336; x_wconf 78' lang='lat' dir='ltr'>repensare.</span> 
     </span>
     <span class='ocr_line' id='line_1_58' title="bbox 971 349 1102 384; baseline 0.008 -7"><span class='ocrx_word' id='word_1_383' title='bbox 971 349 1003 379; x_wconf 90' lang='lat' dir='ltr'>ii.</span> <span class='ocrx_word' id='word_1_384' title='bbox 1020 350 1047 384; x_wconf 91' lang='grc'>7,</span> <span class='ocrx_word' id='word_1_385' title='bbox 1063 351 1102 378; x_wconf 89' lang='grc'>13</span> 
     </span>
    </p>

    <p class='ocr_par' dir='ltr' id='par_1_17' title="bbox 933 398 1739 485">
     <span class='ocr_line' id='line_1_59' title="bbox 933 398 1739 437; baseline -0.001 -10"><span class='ocrx_word' id='word_1_386' title='bbox 933 398 1135 428; x_wconf 87' lang='lat' dir='ltr'>Successores</span> <span class='ocrx_word' id='word_1_387' title='bbox 1149 407 1261 437; x_wconf 82' lang='lat' dir='ltr'>regum</span> <span class='ocrx_word' id='word_1_388' title='bbox 1277 398 1405 437; x_wconf 88' lang='lat' dir='ltr'>quando</span> <span class='ocrx_word' id='word_1_389' title='bbox 1425 400 1458 427; x_wconf 92' lang='lat' dir='ltr'>et</span> <span class='ocrx_word' id='word_1_390' title='bbox 1475 399 1631 437; x_wconf 83' lang='lat' dir='ltr'>quatenus</span> <span class='ocrx_word' id='word_1_391' title='bbox 1648 399 1739 427; x_wconf 87' lang='lat' dir='ltr'>tene-</span> 
     </span>
     <span class='ocr_line' id='line_1_60' title="bbox 971 448 1245 485; baseline 0 -8"><span class='ocrx_word' id='word_1_392' title='bbox 971 451 1076 478; x_wconf 86' lang='lat' dir='ltr'>antur.</span> <span class='ocrx_word' id='word_1_393' title='bbox 1098 448 1129 478; x_wconf 87' lang='lat' dir='ltr'>ii.</span> <span class='ocrx_word' id='word_1_394' title='bbox 1146 450 1193 485; x_wconf 87' lang='lat'>14,</span> <span class='ocrx_word' id='word_1_395' title='bbox 1209 450 1245 477; x_wconf 90' lang='grc'>11</span> 
     </span>
    </p>

    <p class='ocr_par' dir='ltr' id='par_1_18' title="bbox 934 498 1366 537">
     <span class='ocr_line' id='line_1_61' title="bbox 934 498 1366 537; baseline 0 -10"><span class='ocrx_word' id='word_1_396' title='bbox 934 498 1109 536; x_wconf 83' lang='grc' dir='ltr'>Σύμπλοια</span> <span class='ocrx_word' id='word_1_397' title='bbox 1125 499 1213 537; x_wconf 88' lang='lat' dir='ltr'>quid.</span> <span class='ocrx_word' id='word_1_398' title='bbox 1236 498 1269 529; x_wconf 77' lang='lat' dir='ltr'>ii.</span> <span class='ocrx_word' id='word_1_399' title='bbox 1286 500 1333 535; x_wconf 83' lang='lat'>12,</span> <span class='ocrx_word' id='word_1_400' title='bbox 1347 500 1366 527; x_wconf 87' lang='lat'><strong><em>4</em></strong></span> 
     </span>
    </p>

    <p class='ocr_par' dir='ltr' id='par_1_19' title="bbox 933 547 1739 883">
     <span class='ocr_line' id='line_1_62' title="bbox 933 547 1739 586; baseline -0.001 -10"><span class='ocrx_word' id='word_1_401' title='bbox 933 547 1085 585; x_wconf 87' lang='lat' dir='ltr'>Superior</span> <span class='ocrx_word' id='word_1_402' title='bbox 1105 557 1145 576; x_wconf 88' lang='lat' dir='ltr'>an</span> <span class='ocrx_word' id='word_1_403' title='bbox 1161 551 1193 577; x_wconf 89' lang='lat' dir='ltr'>et</span> <span class='ocrx_word' id='word_1_404' title='bbox 1208 549 1367 586; x_wconf 88' lang='lat' dir='ltr'>quomodo</span> <span class='ocrx_word' id='word_1_405' title='bbox 1383 548 1414 576; x_wconf 92' lang='lat' dir='ltr'>in</span> <span class='ocrx_word' id='word_1_406' title='bbox 1430 547 1592 576; x_wconf 89' lang='lat' dir='ltr'>subditum</span> <span class='ocrx_word' id='word_1_407' title='bbox 1608 547 1739 575; x_wconf 89' lang='lat' dir='ltr'>menda-</span> 
     </span>
     <span class='ocr_line' id='line_1_63' title="bbox 973 595 1738 632; baseline -0.001 -7"><span class='ocrx_word' id='word_1_408' title='bbox 973 597 1056 625; x_wconf 87' lang='lat' dir='ltr'>cium</span> <span class='ocrx_word' id='word_1_409' title='bbox 1080 597 1270 626; x_wconf 84' lang='lat' dir='ltr'>committat.</span> <span class='ocrx_word' id='word_1_410' title='bbox 1292 597 1334 626; x_wconf 82' lang='lat' dir='ltr'>iii.</span> <span class='ocrx_word' id='word_1_411' title='bbox 1360 598 1389 632; x_wconf 86' lang='lat'>1,</span> <span class='ocrx_word' id='word_1_412' title='bbox 1415 598 1462 627; x_wconf 87' lang='lat'>15.</span> <span class='ocrx_word' id='word_1_413' title='bbox 1504 596 1578 625; x_wconf 89' lang='lat' dir='ltr'>Non</span> <span class='ocrx_word' id='word_1_414' title='bbox 1604 595 1631 624; x_wconf 87' lang='lat' dir='ltr'>is</span> <span class='ocrx_word' id='word_1_415' title='bbox 1655 605 1738 625; x_wconf 88' lang='lat' dir='ltr'>sem-</span> 
     </span>
     <span class='ocr_line' id='line_1_64' title="bbox 972 645 1737 685; baseline -0.001 -9"><span class='ocrx_word' id='word_1_416' title='bbox 972 656 1041 685; x_wconf 86' lang='lat' dir='ltr'>per,</span> <span class='ocrx_word' id='word_1_417' title='bbox 1062 647 1151 685; x_wconf 84' lang='lat' dir='ltr'>cujus</span> <span class='ocrx_word' id='word_1_418' title='bbox 1176 647 1309 676; x_wconf 87' lang='lat' dir='ltr'>utilitati</span> <span class='ocrx_word' id='word_1_419' title='bbox 1331 647 1474 685; x_wconf 79' lang='lat' dir='ltr'>regimen</span> <span class='ocrx_word' id='word_1_420' title='bbox 1498 646 1639 675; x_wconf 88' lang='lat' dir='ltr'>inservit.</span> <span class='ocrx_word' id='word_1_421' title='bbox 1667 645 1688 674; x_wconf 91' lang='lat' dir='ltr'>i.</span> <span class='ocrx_word' id='word_1_422' title='bbox 1707 647 1737 683; x_wconf 89' lang='grc'>3,</span> 
     </span>
     <span class='ocr_line' id='line_1_65' title="bbox 972 695 1737 735; baseline -0.004 -9"><span class='ocrx_word' id='word_1_423' title='bbox 972 698 1003 732; x_wconf 87' lang='grc'>8,</span> <span class='ocrx_word' id='word_1_424' title='bbox 1025 698 1073 727; x_wconf 84' lang='grc'>14.</span> <span class='ocrx_word' id='word_1_425' title='bbox 1116 697 1202 732; x_wconf 83' lang='lat' dir='ltr'>Quid</span> <span class='ocrx_word' id='word_1_426' title='bbox 1229 697 1330 735; x_wconf 90' lang='lat' dir='ltr'>possit</span> <span class='ocrx_word' id='word_1_427' title='bbox 1353 697 1437 726; x_wconf 89' lang='lat' dir='ltr'>circa</span> <span class='ocrx_word' id='word_1_428' title='bbox 1456 696 1685 734; x_wconf 79' lang='lat' dir='ltr'>juramentum.</span> <span class='ocrx_word' id='word_1_429' title='bbox 1705 695 1737 724; x_wconf 92' lang='lat' dir='ltr'>ii.</span> 
     </span>
     <span class='ocr_line' id='line_1_66' title="bbox 973 745 1738 784; baseline -0.003 -9"><span class='ocrx_word' id='word_1_430' title='bbox 973 748 1021 783; x_wconf 92' lang='grc'>13,</span> <span class='ocrx_word' id='word_1_431' title='bbox 1036 748 1085 781; x_wconf 87' lang='grc'>20,</span> <span class='ocrx_word' id='word_1_432' title='bbox 1108 749 1136 783; x_wconf 91' lang='grc'>1,</span> <span class='ocrx_word' id='word_1_433' title='bbox 1155 749 1185 776; x_wconf 90' lang='grc'>3.</span> <span class='ocrx_word' id='word_1_434' title='bbox 1228 747 1398 776; x_wconf 84' lang='lat' dir='ltr'>Subditum</span> <span class='ocrx_word' id='word_1_435' title='bbox 1424 755 1538 784; x_wconf 85' lang='lat' dir='ltr'>cogere</span> <span class='ocrx_word' id='word_1_436' title='bbox 1565 747 1674 783; x_wconf 89' lang='lat' dir='ltr'>potest</span> <span class='ocrx_word' id='word_1_437' title='bbox 1697 745 1738 773; x_wconf 90' lang='lat' dir='ltr'>ad</span> 
     </span>
     <span class='ocr_line' id='line_1_67' title="bbox 973 787 1738 835; baseline -0.004 -9"><span class='ocrx_word' id='word_1_438' title='bbox 973 806 1018 833; x_wconf 86' lang='lat' dir='ltr'>ea,</span> <span class='ocrx_word' id='word_1_439' title='bbox 1033 787 1104 835; x_wconf 73' lang='lat' dir='ltr'>(luae</span> <span class='ocrx_word' id='word_1_440' title='bbox 1119 807 1182 826; x_wconf 92' lang='lat' dir='ltr'>non</span> <span class='ocrx_word' id='word_1_441' title='bbox 1198 807 1235 826; x_wconf 89' lang='lat' dir='ltr'>ex</span> <span class='ocrx_word' id='word_1_442' title='bbox 1246 797 1384 835; x_wconf 87' lang='lat' dir='ltr'>justitia,</span> <span class='ocrx_word' id='word_1_443' title='bbox 1402 797 1456 826; x_wconf 91' lang='lat' dir='ltr'>sed</span> <span class='ocrx_word' id='word_1_444' title='bbox 1479 806 1517 825; x_wconf 88' lang='lat' dir='ltr'>ex</span> <span class='ocrx_word' id='word_1_445' title='bbox 1536 795 1599 825; x_wconf 85' lang='lat' dir='ltr'>alia</span> <span class='ocrx_word' id='word_1_446' title='bbox 1618 795 1738 824; x_wconf 81' lang='lat' dir='ltr'>virtute</span> 
     </span>
     <span class='ocr_line' id='line_1_68' title="bbox 973 847 1332 883; baseline -0.003 -7"><span class='ocrx_word' id='word_1_447' title='bbox 973 847 1141 877; x_wconf 84' lang='lat' dir='ltr'>debentur.</span> <span class='ocrx_word' id='word_1_448' title='bbox 1162 848 1190 876; x_wconf 90' lang='lat' dir='ltr'>ii.</span> <span class='ocrx_word' id='word_1_449' title='bbox 1206 848 1255 883; x_wconf 89' lang='lat'>25,</span> <span class='ocrx_word' id='word_1_450' title='bbox 1269 849 1297 883; x_wconf 85' lang='grc'>3,</span> <span class='ocrx_word' id='word_1_451' title='bbox 1312 848 1332 875; x_wconf 89' lang='grc'><strong><em>4</em></strong></span> 
     </span>
    </p>

    <p class='ocr_par' dir='ltr' id='par_1_20' title="bbox 935 894 1740 982">
     <span class='ocr_line' id='line_1_69' title="bbox 935 894 1740 935; baseline -0.002 -10"><span class='ocrx_word' id='word_1_452' title='bbox 935 897 1112 934; x_wconf 84' lang='lat' dir='ltr'>Superioris</span> <span class='ocrx_word' id='word_1_453' title='bbox 1134 899 1343 935; x_wconf 85' lang='lat' dir='ltr'>praeceptum,</span> <span class='ocrx_word' id='word_1_454' title='bbox 1368 896 1497 934; x_wconf 89' lang='lat' dir='ltr'>quando</span> <span class='ocrx_word' id='word_1_455' title='bbox 1525 897 1666 925; x_wconf 85' lang='lat' dir='ltr'>excuset.</span> <span class='ocrx_word' id='word_1_456' title='bbox 1708 894 1740 924; x_wconf 86' lang='lat' dir='ltr'>ii.</span> 
     </span>
     <span class='ocr_line' id='line_1_70' title="bbox 972 946 1055 982; baseline 0 -7"><span class='ocrx_word' id='word_1_457' title='bbox 972 946 1021 982; x_wconf 88' lang='lat'>26,</span> <span class='ocrx_word' id='word_1_458' title='bbox 1035 948 1055 975; x_wconf 88' lang='lat'><strong><em>4</em></strong></span> 
     </span>
    </p>

    <p class='ocr_par' dir='ltr' id='par_1_21' title="bbox 934 995 1526 1033">
     <span class='ocr_line' id='line_1_71' title="bbox 934 995 1526 1033; baseline -0.005 -9"><span class='ocrx_word' id='word_1_459' title='bbox 934 995 1125 1033; x_wconf 89' lang='lat' dir='ltr'>Superficies</span> <span class='ocrx_word' id='word_1_460' title='bbox 1140 1005 1179 1024; x_wconf 89' lang='lat' dir='ltr'>an</span> <span class='ocrx_word' id='word_1_461' title='bbox 1195 995 1263 1024; x_wconf 89' lang='lat' dir='ltr'>solo</span> <span class='ocrx_word' id='word_1_462' title='bbox 1279 995 1382 1024; x_wconf 89' lang='lat' dir='ltr'>cedat.</span> <span class='ocrx_word' id='word_1_463' title='bbox 1404 995 1434 1024; x_wconf 88' lang='lat' dir='ltr'>ii.</span> <span class='ocrx_word' id='word_1_464' title='bbox 1447 996 1476 1030; x_wconf 90' lang='grc'>8,</span> <span class='ocrx_word' id='word_1_465' title='bbox 1487 995 1526 1023; x_wconf 89' lang='grc'>22</span> 
     </span>
    </p>

    <p class='ocr_par' dir='ltr' id='par_1_22' title="bbox 934 1043 1739 1181">
     <span class='ocr_line' id='line_1_72' title="bbox 934 1043 1739 1084; baseline -0.006 -9"><span class='ocrx_word' id='word_1_466' title='bbox 934 1046 1098 1084; x_wconf 85' lang='lat' dir='ltr'>Supplicia</span> <span class='ocrx_word' id='word_1_467' title='bbox 1119 1046 1268 1084; x_wconf 81' lang='lat' dir='ltr'>capitalia</span> <span class='ocrx_word' id='word_1_468' title='bbox 1288 1045 1508 1084; x_wconf 87' lang='lat' dir='ltr'>antiquissima</span> <span class='ocrx_word' id='word_1_469' title='bbox 1523 1046 1555 1072; x_wconf 86' lang='lat' dir='ltr'>ct</span> <span class='ocrx_word' id='word_1_470' title='bbox 1576 1043 1609 1071; x_wconf 90' lang='lat' dir='ltr'>in</span> <span class='ocrx_word' id='word_1_471' title='bbox 1624 1043 1739 1080; x_wconf 91' lang='lat' dir='ltr'>quibus</span> 
     </span>
     <span class='ocr_line' id='line_1_73' title="bbox 972 1093 1739 1132; baseline -0.005 -7"><span class='ocrx_word' id='word_1_472' title='bbox 972 1097 1168 1126; x_wconf 87' lang='lat' dir='ltr'>criminibus.</span> <span class='ocrx_word' id='word_1_473' title='bbox 1189 1097 1209 1125; x_wconf 89' lang='lat' dir='ltr'>i.</span> <span class='ocrx_word' id='word_1_474' title='bbox 1227 1098 1256 1132; x_wconf 91' lang='lat'>2,</span> <span class='ocrx_word' id='word_1_475' title='bbox 1271 1097 1300 1132; x_wconf 90' lang='lat'>5,</span> <span class='ocrx_word' id='word_1_476' title='bbox 1314 1097 1343 1126; x_wconf 88' lang='lat'>6.</span> <span class='ocrx_word' id='word_1_477' title='bbox 1386 1095 1459 1124; x_wconf 83' lang='lat' dir='ltr'>Non</span> <span class='ocrx_word' id='word_1_478' title='bbox 1475 1095 1577 1123; x_wconf 89' lang='lat' dir='ltr'>solum</span> <span class='ocrx_word' id='word_1_479' title='bbox 1593 1093 1739 1122; x_wconf 86' lang='lat' dir='ltr'>Hebraeis</span> 
     </span>
     <span class='ocr_line' id='line_1_74' title="bbox 974 1145 1480 1181; baseline -0.002 -6"><span class='ocrx_word' id='word_1_480' title='bbox 974 1156 1011 1175; x_wconf 91' lang='lat' dir='ltr'>ea</span> <span class='ocrx_word' id='word_1_481' title='bbox 1025 1156 1183 1175; x_wconf 89' lang='lat' dir='ltr'>concessa.</span> <span class='ocrx_word' id='word_1_482' title='bbox 1206 1146 1281 1175; x_wconf 84' lang='lat' dir='ltr'>ibid.</span> <span class='ocrx_word' id='word_1_483' title='bbox 1306 1145 1383 1174; x_wconf 75' lang='lat' dir='ltr'>Not.</span> <span class='ocrx_word' id='word_1_484' title='bbox 1398 1145 1427 1181; x_wconf 88' lang='grc'>9,</span> <span class='ocrx_word' id='word_1_485' title='bbox 1443 1146 1480 1174; x_wconf 91' lang='grc'><strong><em>10</em></strong></span> 
     </span>
    </p>

    <p class='ocr_par' dir='ltr' id='par_1_23' title="bbox 935 1194 1541 1234">
     <span class='ocr_line' id='line_1_75' title="bbox 935 1194 1541 1234; baseline -0.007 -9"><span class='ocrx_word' id='word_1_486' title='bbox 935 1196 1138 1234; x_wconf 87' lang='lat' dir='ltr'>Supplicibus</span> <span class='ocrx_word' id='word_1_487' title='bbox 1152 1196 1357 1234; x_wconf 87' lang='lat' dir='ltr'>parcendum.</span> <span class='ocrx_word' id='word_1_488' title='bbox 1379 1194 1421 1223; x_wconf 90' lang='lat' dir='ltr'>iii.</span> <span class='ocrx_word' id='word_1_489' title='bbox 1435 1195 1483 1229; x_wconf 88' lang='lat'>11,</span> <span class='ocrx_word' id='word_1_490' title='bbox 1503 1195 1541 1222; x_wconf 91' lang='grc'>15</span> 
     </span>
    </p>

    <p class='ocr_par' dir='ltr' id='par_1_24' title="bbox 934 1244 1742 1481">
     <span class='ocr_line' id='line_1_76' title="bbox 934 1244 1739 1284; baseline -0.005 -9"><span class='ocrx_word' id='word_1_491' title='bbox 934 1247 1122 1284; x_wconf 89' lang='lat' dir='ltr'>Supplicum</span> <span class='ocrx_word' id='word_1_492' title='bbox 1133 1246 1187 1284; x_wconf 86' lang='lat' dir='ltr'>jus</span> <span class='ocrx_word' id='word_1_493' title='bbox 1199 1246 1313 1284; x_wconf 91' lang='lat' dir='ltr'>quibus</span> <span class='ocrx_word' id='word_1_494' title='bbox 1329 1245 1492 1274; x_wconf 85' lang='lat' dir='ltr'>debeatur.</span> <span class='ocrx_word' id='word_1_495' title='bbox 1508 1244 1542 1274; x_wconf 87' lang='lat' dir='ltr'>ii.</span> <span class='ocrx_word' id='word_1_496' title='bbox 1556 1245 1605 1279; x_wconf 89' lang='lat'>21,</span> <span class='ocrx_word' id='word_1_497' title='bbox 1621 1244 1652 1279; x_wconf 91' lang='lat'>5,</span> <span class='ocrx_word' id='word_1_498' title='bbox 1667 1244 1694 1279; x_wconf 92' lang='lat'>1,</span> <span class='ocrx_word' id='word_1_499' title='bbox 1710 1244 1739 1272; x_wconf 89' lang='lat'>4.</span> 
     </span>
     <span class='ocr_line' id='line_1_77' title="bbox 972 1292 1738 1330; baseline -0.007 -5"><span class='ocrx_word' id='word_1_500' title='bbox 972 1295 1186 1325; x_wconf 86' lang='lat' dir='ltr'>Defensorum</span> <span class='ocrx_word' id='word_1_501' title='bbox 1210 1298 1242 1324; x_wconf 91' lang='lat' dir='ltr'>et</span> <span class='ocrx_word' id='word_1_502' title='bbox 1266 1304 1330 1323; x_wconf 91' lang='lat' dir='ltr'>non</span> <span class='ocrx_word' id='word_1_503' title='bbox 1359 1295 1561 1323; x_wconf 87' lang='lat' dir='ltr'>defensorum</span> <span class='ocrx_word' id='word_1_504' title='bbox 1581 1292 1738 1330; x_wconf 87' lang='lat' dir='ltr'>exempla.</span> 
     </span>
     <span class='ocr_line' id='line_1_78' title="bbox 973 1341 1740 1381; baseline -0.007 -7"><span class='ocrx_word' id='word_1_505' title='bbox 973 1345 1003 1375; x_wconf 92' lang='lat' dir='ltr'>ii.</span> <span class='ocrx_word' id='word_1_506' title='bbox 1025 1347 1076 1381; x_wconf 86' lang='lat'>21,</span> <span class='ocrx_word' id='word_1_507' title='bbox 1096 1346 1125 1380; x_wconf 91' lang='lat'>5,</span> <span class='ocrx_word' id='word_1_508' title='bbox 1140 1346 1170 1380; x_wconf 84' lang='lat'>3,</span> <span class='ocrx_word' id='word_1_509' title='bbox 1184 1346 1214 1374; x_wconf 86' lang='lat'>5.</span> <span class='ocrx_word' id='word_1_510' title='bbox 1255 1343 1318 1373; x_wconf 68' lang='lat' dir='ltr'>«Jus</span> <span class='ocrx_word' id='word_1_511' title='bbox 1338 1343 1371 1371; x_wconf 93' lang='lat' dir='ltr'>in</span> <span class='ocrx_word' id='word_1_512' title='bbox 1392 1343 1477 1371; x_wconf 90' lang='lat' dir='ltr'>bello</span> <span class='ocrx_word' id='word_1_513' title='bbox 1499 1342 1603 1380; x_wconf 84' lang='lat' dir='ltr'>quale.</span> <span class='ocrx_word' id='word_1_514' title='bbox 1626 1341 1670 1370; x_wconf 83' lang='lat' dir='ltr'>iii.</span> <span class='ocrx_word' id='word_1_515' title='bbox 1692 1343 1740 1377; x_wconf 90' lang='grc'>11,</span> 
     </span>
     <span class='ocr_line' id='line_1_79' title="bbox 972 1391 1742 1432; baseline -0.006 -8"><span class='ocrx_word' id='word_1_516' title='bbox 972 1396 1040 1430; x_wconf 91' lang='grc'><strong><em>3,1.</em></strong></span> <span class='ocrx_word' id='word_1_517' title='bbox 1084 1395 1188 1424; x_wconf 83' lang='lat' dir='ltr'>Causa</span> <span class='ocrx_word' id='word_1_518' title='bbox 1211 1403 1250 1424; x_wconf 78' lang='lat' dir='ltr'>ex</span> <span class='ocrx_word' id='word_1_519' title='bbox 1275 1403 1338 1432; x_wconf 91' lang='lat' dir='ltr'>quo</span> <span class='ocrx_word' id='word_1_520' title='bbox 1356 1393 1431 1432; x_wconf 85' lang='lat' dir='ltr'>jure</span> <span class='ocrx_word' id='word_1_521' title='bbox 1455 1392 1686 1431; x_wconf 84' lang='lat' dir='ltr'>cognoscenda.</span> <span class='ocrx_word' id='word_1_522' title='bbox 1708 1391 1742 1420; x_wconf 89' lang='lat' dir='ltr'>ii.</span> 
     </span>
     <span class='ocr_line' id='line_1_80' title="bbox 974 1445 1098 1481; baseline 0 -8"><span class='ocrx_word' id='word_1_523' title='bbox 974 1446 1021 1481; x_wconf 90' lang='lat'>21,</span> <span class='ocrx_word' id='word_1_524' title='bbox 1037 1445 1065 1481; x_wconf 82' lang='lat'>6,</span> <span class='ocrx_word' id='word_1_525' title='bbox 1080 1446 1098 1473; x_wconf 89' lang='lat'>2</span> 
     </span>
    </p>

    <p class='ocr_par' dir='ltr' id='par_1_25' title="bbox 936 1491 1738 1533">
     <span class='ocr_line' id='line_1_81' title="bbox 936 1491 1738 1533; baseline -0.006 -9"><span class='ocrx_word' id='word_1_526' title='bbox 936 1495 1102 1533; x_wconf 89' lang='lat' dir='ltr'>Supplices</span> <span class='ocrx_word' id='word_1_527' title='bbox 1123 1504 1163 1523; x_wconf 89' lang='lat' dir='ltr'>an</span> <span class='ocrx_word' id='word_1_528' title='bbox 1183 1494 1260 1524; x_wconf 91' lang='lat' dir='ltr'>belli</span> <span class='ocrx_word' id='word_1_529' title='bbox 1278 1494 1351 1532; x_wconf 89' lang='lat' dir='ltr'>jure</span> <span class='ocrx_word' id='word_1_530' title='bbox 1373 1493 1567 1522; x_wconf 89' lang='lat' dir='ltr'>occidantur.</span> <span class='ocrx_word' id='word_1_531' title='bbox 1588 1491 1633 1520; x_wconf 89' lang='lat' dir='ltr'>iii.</span> <span class='ocrx_word' id='word_1_532' title='bbox 1652 1492 1680 1527; x_wconf 90' lang='lat'>4,</span> <span class='ocrx_word' id='word_1_533' title='bbox 1703 1492 1738 1519; x_wconf 92' lang='grc'>11</span> 
     </span>
    </p>

    <p class='ocr_par' dir='ltr' id='par_1_26' title="bbox 935 1541 1604 1584">
     <span class='ocr_line' id='line_1_82' title="bbox 935 1541 1604 1584; baseline -0.006 -10"><span class='ocrx_word' id='word_1_534' title='bbox 935 1545 1043 1584; x_wconf 80' lang='lat' dir='ltr'>Syrtes</span> <span class='ocrx_word' id='word_1_535' title='bbox 1057 1554 1098 1574; x_wconf 88' lang='lat' dir='ltr'>an</span> <span class='ocrx_word' id='word_1_536' title='bbox 1115 1545 1262 1582; x_wconf 84' lang='lat' dir='ltr'>cuiquam</span> <span class='ocrx_word' id='word_1_537' title='bbox 1278 1543 1428 1582; x_wconf 82' lang='lat' dir='ltr'>propriae.</span> <span class='ocrx_word' id='word_1_538' title='bbox 1449 1542 1480 1571; x_wconf 87' lang='lat' dir='ltr'>ii.</span> <span class='ocrx_word' id='word_1_539' title='bbox 1497 1543 1526 1580; x_wconf 88' lang='lat'>2,</span> <span class='ocrx_word' id='word_1_540' title='bbox 1541 1541 1571 1577; x_wconf 88' lang='grc'>3,</span> <span class='ocrx_word' id='word_1_541' title='bbox 1586 1542 1604 1569; x_wconf 86' lang='grc'>2</span> 
     </span>
    </p>
   </div>
   <div class='ocr_carea' id='block_1_5' title="bbox 1315 1708 1354 1737">
    <p class='ocr_par' dir='ltr' id='par_1_27' title="bbox 1315 1708 1354 1737">
     <span class='ocr_line' id='line_1_83' title="bbox 1315 1708 1354 1737; baseline -0.026 0"><span class='ocrx_word' id='word_1_542' title='bbox 1315 1708 1354 1737; x_wconf 88' lang='lat' dir='ltr'>T.</span> 
     </span>
    </p>
   </div>
   <div class='ocr_carea' id='block_1_6' title="bbox 932 1793 1740 2970">
    <p class='ocr_par' dir='ltr' id='par_1_28' title="bbox 934 1793 1659 1834">
     <span class='ocr_line' id='line_1_84' title="bbox 934 1793 1659 1834; baseline -0.003 -11"><span class='ocrx_word' id='word_1_543' title='bbox 934 1795 1026 1824; x_wconf 90' lang='lat' dir='ltr'>Talio</span> <span class='ocrx_word' id='word_1_544' title='bbox 1042 1805 1106 1824; x_wconf 90' lang='lat' dir='ltr'>non</span> <span class='ocrx_word' id='word_1_545' title='bbox 1122 1796 1236 1825; x_wconf 86' lang='lat' dir='ltr'>transit</span> <span class='ocrx_word' id='word_1_546' title='bbox 1251 1804 1430 1834; x_wconf 87' lang='lat' dir='ltr'>personam.</span> <span class='ocrx_word' id='word_1_547' title='bbox 1455 1794 1498 1823; x_wconf 67' lang='lat' dir='ltr'>iii.</span> <span class='ocrx_word' id='word_1_548' title='bbox 1515 1795 1562 1829; x_wconf 89' lang='lat'>11,</span> <span class='ocrx_word' id='word_1_549' title='bbox 1578 1793 1626 1828; x_wconf 88' lang='grc'>16,</span> <span class='ocrx_word' id='word_1_550' title='bbox 1640 1793 1659 1821; x_wconf 87' lang='grc'>2</span> 
     </span>
    </p>

    <p class='ocr_par' dir='ltr' id='par_1_29' title="bbox 934 1839 1740 1973">
     <span class='ocr_line' id='line_1_85' title="bbox 934 1839 1738 1883; baseline -0.007 -10"><span class='ocrx_word' id='word_1_551' title='bbox 934 1844 1077 1873; x_wconf 86' lang='lat' dir='ltr'>Talionis</span> <span class='ocrx_word' id='word_1_552' title='bbox 1092 1845 1266 1883; x_wconf 89' lang='lat' dir='ltr'>postulatio</span> <span class='ocrx_word' id='word_1_553' title='bbox 1281 1845 1426 1874; x_wconf 79' lang='lat' dir='ltr'>Hebraeis</span> <span class='ocrx_word' id='word_1_554' title='bbox 1446 1852 1510 1881; x_wconf 90' lang='lat' dir='ltr'>quo</span> <span class='ocrx_word' id='word_1_555' title='bbox 1530 1851 1625 1871; x_wconf 85' lang='lat' dir='ltr'>sensu</span> <span class='ocrx_word' id='word_1_556' title='bbox 1640 1839 1738 1869; x_wconf 84' lang='lat' dir='ltr'>licita.</span> 
     </span>
     <span class='ocr_line' id='line_1_86' title="bbox 972 1892 1740 1931; baseline -0.007 -9"><span class='ocrx_word' id='word_1_557' title='bbox 972 1894 1003 1923; x_wconf 92' lang='lat' dir='ltr'>ii.</span> <span class='ocrx_word' id='word_1_558' title='bbox 1024 1896 1072 1930; x_wconf 89' lang='lat'>20,</span> <span class='ocrx_word' id='word_1_559' title='bbox 1098 1896 1146 1931; x_wconf 83' lang='lat'>10,</span> <span class='ocrx_word' id='word_1_560' title='bbox 1168 1895 1198 1925; x_wconf 96' lang='grc'>7.</span> <span class='ocrx_word' id='word_1_561' title='bbox 1238 1895 1322 1924; x_wconf 91' lang='lat' dir='ltr'>Usus</span> <span class='ocrx_word' id='word_1_562' title='bbox 1347 1894 1401 1931; x_wconf 89' lang='lat' dir='ltr'>qui</span> <span class='ocrx_word' id='word_1_563' title='bbox 1423 1893 1509 1931; x_wconf 87' lang='lat' dir='ltr'>apud</span> <span class='ocrx_word' id='word_1_564' title='bbox 1531 1892 1685 1921; x_wconf 84' lang='lat' dir='ltr'>Hebraeos</span> <span class='ocrx_word' id='word_1_565' title='bbox 1708 1892 1740 1917; x_wconf 87' lang='lat' dir='ltr'>et</span> 
     </span>
     <span class='ocr_line' id='line_1_87' title="bbox 975 1942 1248 1973; baseline 0.007 -2"><span class='ocrx_word' id='word_1_566' title='bbox 975 1942 1147 1972; x_wconf 85' lang='lat' dir='ltr'>Romanos.</span> <span class='ocrx_word' id='word_1_567' title='bbox 1169 1943 1248 1973; x_wconf 86' lang='lat' dir='ltr'>ibid.</span> 
     </span>
    </p>

    <p class='ocr_par' dir='ltr' id='par_1_30' title="bbox 934 1988 1740 2080">
     <span class='ocr_line' id='line_1_88' title="bbox 934 1988 1740 2031; baseline -0.004 -11"><span class='ocrx_word' id='word_1_568' title='bbox 934 1992 1101 2022; x_wconf 85' lang='lat' dir='ltr'>Talionem</span> <span class='ocrx_word' id='word_1_569' title='bbox 1127 1994 1159 2021; x_wconf 89' lang='lat' dir='ltr'>in</span> <span class='ocrx_word' id='word_1_570' title='bbox 1176 1993 1299 2031; x_wconf 83' lang='lat' dir='ltr'>judicio</span> <span class='ocrx_word' id='word_1_571' title='bbox 1321 1993 1449 2031; x_wconf 87' lang='lat' dir='ltr'>exigere</span> <span class='ocrx_word' id='word_1_572' title='bbox 1469 1990 1614 2020; x_wconf 86' lang='lat' dir='ltr'>Hebraeis</span> <span class='ocrx_word' id='word_1_573' title='bbox 1633 1988 1740 2018; x_wconf 84' lang='lat' dir='ltr'>indul-</span> 
     </span>
     <span class='ocr_line' id='line_1_89' title="bbox 972 2043 1216 2080; baseline 0.008 -9"><span class='ocrx_word' id='word_1_574' title='bbox 972 2045 1053 2072; x_wconf 90' lang='lat' dir='ltr'>tum.</span> <span class='ocrx_word' id='word_1_575' title='bbox 1075 2043 1094 2072; x_wconf 86' lang='lat' dir='ltr'>i.</span> <span class='ocrx_word' id='word_1_576' title='bbox 1112 2045 1142 2079; x_wconf 88' lang='lat'>2,</span> <span class='ocrx_word' id='word_1_577' title='bbox 1155 2045 1183 2080; x_wconf 82' lang='lat'>8,</span> <span class='ocrx_word' id='word_1_578' title='bbox 1199 2044 1216 2073; x_wconf 91' lang='lat'><strong><em>7</em></strong></span> 
     </span>
    </p>

    <p class='ocr_par' dir='ltr' id='par_1_31' title="bbox 933 2090 1593 2131">
     <span class='ocr_line' id='line_1_90' title="bbox 933 2090 1593 2131; baseline -0.005 -11"><span class='ocrx_word' id='word_1_579' title='bbox 933 2092 1048 2121; x_wconf 87' lang='lat' dir='ltr'>Telum</span> <span class='ocrx_word' id='word_1_580' title='bbox 1065 2093 1225 2131; x_wconf 87' lang='lat' dir='ltr'>quidjure</span> <span class='ocrx_word' id='word_1_581' title='bbox 1242 2091 1398 2121; x_wconf 80' lang='lat' dir='ltr'>Romano.</span> <span class='ocrx_word' id='word_1_582' title='bbox 1421 2091 1452 2120; x_wconf 84' lang='lat' dir='ltr'>ii.</span> <span class='ocrx_word' id='word_1_583' title='bbox 1468 2092 1496 2126; x_wconf 83' lang='lat'>1,</span> <span class='ocrx_word' id='word_1_584' title='bbox 1512 2091 1559 2125; x_wconf 84' lang='lat'>12,</span> <span class='ocrx_word' id='word_1_585' title='bbox 1575 2090 1593 2117; x_wconf 87' lang='lat'>2</span> 
     </span>
    </p>

    <p class='ocr_par' dir='ltr' id='par_1_32' title="bbox 934 2137 1739 2276">
     <span class='ocr_line' id='line_1_91' title="bbox 934 2137 1739 2181; baseline -0.006 -11"><span class='ocrx_word' id='word_1_586' title='bbox 934 2141 1103 2180; x_wconf 87' lang='lat' dir='ltr'>Templum</span> <span class='ocrx_word' id='word_1_587' title='bbox 1116 2143 1407 2181; x_wconf 83' lang='lat' dir='ltr'>Hierosolymorum</span> <span class='ocrx_word' id='word_1_588' title='bbox 1417 2139 1548 2169; x_wconf 84' lang='lat' dir='ltr'>intravit</span> <span class='ocrx_word' id='word_1_589' title='bbox 1558 2137 1739 2176; x_wconf 88' lang='lat' dir='ltr'>Pompeius,</span> 
     </span>
     <span class='ocr_line' id='line_1_92' title="bbox 971 2186 1735 2229; baseline -0.007 -10"><span class='ocrx_word' id='word_1_590' title='bbox 971 2191 1115 2221; x_wconf 88' lang='lat' dir='ltr'>incendit</span> <span class='ocrx_word' id='word_1_591' title='bbox 1137 2192 1241 2222; x_wconf 80' lang='lat' dir='ltr'>Titus,</span> <span class='ocrx_word' id='word_1_592' title='bbox 1266 2191 1309 2221; x_wconf 85' lang='lat' dir='ltr'>iii.</span> <span class='ocrx_word' id='word_1_593' title='bbox 1331 2192 1360 2229; x_wconf 91' lang='lat'>5,</span> <span class='ocrx_word' id='word_1_594' title='bbox 1383 2192 1411 2226; x_wconf 83' lang='lat'>2,</span> <span class='ocrx_word' id='word_1_595' title='bbox 1435 2191 1466 2220; x_wconf 86' lang='lat'>5.</span> <span class='ocrx_word' id='word_1_596' title='bbox 1508 2189 1587 2227; x_wconf 89' lang='lat' dir='ltr'>Ejus</span> <span class='ocrx_word' id='word_1_597' title='bbox 1610 2186 1735 2225; x_wconf 86' lang='lat' dir='ltr'>religio.</span> 
     </span>
     <span class='ocr_line' id='line_1_93' title="bbox 972 2241 1137 2276; baseline 0.006 -8"><span class='ocrx_word' id='word_1_598' title='bbox 972 2241 1015 2269; x_wconf 88' lang='lat' dir='ltr'>iii.</span> <span class='ocrx_word' id='word_1_599' title='bbox 1030 2242 1060 2275; x_wconf 89' lang='lat'>5,</span> <span class='ocrx_word' id='word_1_600' title='bbox 1076 2243 1105 2276; x_wconf 91' lang='lat'>2,</span> <span class='ocrx_word' id='word_1_601' title='bbox 1117 2242 1137 2269; x_wconf 88' lang='grc'><strong><em>4</em></strong></span> 
     </span>
    </p>

    <p class='ocr_par' dir='ltr' id='par_1_33' title="bbox 933 2286 1647 2328">
     <span class='ocr_line' id='line_1_94' title="bbox 933 2286 1647 2328; baseline -0.004 -10"><span class='ocrx_word' id='word_1_602' title='bbox 933 2290 1069 2328; x_wconf 90' lang='lat' dir='ltr'>Templa</span> <span class='ocrx_word' id='word_1_603' title='bbox 1083 2291 1227 2328; x_wconf 82' lang='lat' dir='ltr'>gentium</span> <span class='ocrx_word' id='word_1_604' title='bbox 1243 2299 1260 2318; x_wconf 86' lang='lat' dir='ltr'>a</span> <span class='ocrx_word' id='word_1_605' title='bbox 1276 2290 1397 2319; x_wconf 81' lang='lat' dir='ltr'>Judaeis</span> <span class='ocrx_word' id='word_1_606' title='bbox 1411 2290 1548 2317; x_wconf 88' lang='lat' dir='ltr'>incensa.</span> <span class='ocrx_word' id='word_1_607' title='bbox 1570 2286 1647 2315; x_wconf 83' lang='lat' dir='ltr'>ibid.</span> 
     </span>
    </p>

    <p class='ocr_par' dir='ltr' id='par_1_34' title="bbox 933 2338 1622 2377">
     <span class='ocr_line' id='line_1_95' title="bbox 933 2338 1622 2377; baseline -0.006 -9"><span class='ocrx_word' id='word_1_608' title='bbox 933 2339 1075 2377; x_wconf 88' lang='lat' dir='ltr'>Templis</span> <span class='ocrx_word' id='word_1_609' title='bbox 1087 2340 1292 2377; x_wconf 84' lang='lat' dir='ltr'>parcendum.</span> <span class='ocrx_word' id='word_1_610' title='bbox 1313 2339 1355 2368; x_wconf 88' lang='lat' dir='ltr'>iii.</span> <span class='ocrx_word' id='word_1_611' title='bbox 1373 2340 1420 2374; x_wconf 90' lang='lat'>12,</span> <span class='ocrx_word' id='word_1_612' title='bbox 1436 2338 1464 2373; x_wconf 90' lang='lat'>6,</span> <span class='ocrx_word' id='word_1_613' title='bbox 1480 2340 1507 2373; x_wconf 92' lang='lat'>1,</span> <span class='ocrx_word' id='word_1_614' title='bbox 1518 2339 1546 2373; x_wconf 90' lang='lat'>2,</span> <span class='ocrx_word' id='word_1_615' title='bbox 1560 2338 1590 2372; x_wconf 89' lang='lat'>5,</span> <span class='ocrx_word' id='word_1_616' title='bbox 1605 2338 1622 2364; x_wconf 92' lang='lat'><strong><em>1</em></strong></span> 
     </span>
    </p>

    <p class='ocr_par' dir='ltr' id='par_1_35' title="bbox 933 2385 1736 2516">
     <span class='ocr_line' id='line_1_96' title="bbox 933 2385 1736 2426; baseline -0.005 -9"><span class='ocrx_word' id='word_1_617' title='bbox 933 2389 1074 2426; x_wconf 86' lang='lat' dir='ltr'>Tempus</span> <span class='ocrx_word' id='word_1_618' title='bbox 1089 2388 1314 2417; x_wconf 77' lang='lat' dir='ltr'>immemoriale</span> <span class='ocrx_word' id='word_1_619' title='bbox 1328 2388 1359 2415; x_wconf 91' lang='lat' dir='ltr'>in</span> <span class='ocrx_word' id='word_1_620' title='bbox 1376 2387 1472 2415; x_wconf 93' lang='lat' dir='ltr'>dubio</span> <span class='ocrx_word' id='word_1_621' title='bbox 1487 2385 1601 2414; x_wconf 88' lang='lat' dir='ltr'>sufficit</span> <span class='ocrx_word' id='word_1_622' title='bbox 1618 2385 1659 2413; x_wconf 85' lang='lat' dir='ltr'>ad</span> <span class='ocrx_word' id='word_1_623' title='bbox 1679 2385 1736 2413; x_wconf 89' lang='lat' dir='ltr'>de-</span> 
     </span>
     <span class='ocr_line' id='line_1_97' title="bbox 971 2435 1736 2475; baseline -0.003 -9"><span class='ocrx_word' id='word_1_624' title='bbox 971 2438 1142 2467; x_wconf 82' lang='lat' dir='ltr'>relictionis</span> <span class='ocrx_word' id='word_1_625' title='bbox 1158 2437 1425 2475; x_wconf 85' lang='lat' dir='ltr'>praesumtionem.</span> <span class='ocrx_word' id='word_1_626' title='bbox 1447 2436 1478 2464; x_wconf 91' lang='lat' dir='ltr'>ii.</span> <span class='ocrx_word' id='word_1_627' title='bbox 1494 2437 1523 2472; x_wconf 89' lang='lat'>4,</span> <span class='ocrx_word' id='word_1_628' title='bbox 1537 2436 1564 2465; x_wconf 91' lang='lat'>7.</span> <span class='ocrx_word' id='word_1_629' title='bbox 1581 2435 1612 2464; x_wconf 91' lang='lat' dir='ltr'>A</span> <span class='ocrx_word' id='word_1_630' title='bbox 1626 2438 1736 2464; x_wconf 89' lang='lat' dir='ltr'>cente-</span> 
     </span>
     <span class='ocr_line' id='line_1_98' title="bbox 972 2487 1289 2516; baseline 0 0"><span class='ocrx_word' id='word_1_631' title='bbox 972 2488 1060 2516; x_wconf 88' lang='lat' dir='ltr'>nario</span> <span class='ocrx_word' id='word_1_632' title='bbox 1075 2487 1191 2516; x_wconf 86' lang='lat' dir='ltr'>differt.</span> <span class='ocrx_word' id='word_1_633' title='bbox 1213 2487 1289 2516; x_wconf 89' lang='lat' dir='ltr'>ibid.</span> 
     </span>
    </p>

    <p class='ocr_par' dir='ltr' id='par_1_36' title="bbox 933 2534 1735 2625">
     <span class='ocr_line' id='line_1_99' title="bbox 933 2534 1735 2575; baseline -0.004 -9"><span class='ocrx_word' id='word_1_634' title='bbox 933 2538 1074 2575; x_wconf 89' lang='lat' dir='ltr'>Tempus</span> <span class='ocrx_word' id='word_1_635' title='bbox 1100 2538 1140 2565; x_wconf 91' lang='lat' dir='ltr'>ad</span> <span class='ocrx_word' id='word_1_636' title='bbox 1174 2536 1396 2574; x_wconf 73' lang='lat' dir='ltr'>poenitentiam</span> <span class='ocrx_word' id='word_1_637' title='bbox 1426 2535 1564 2564; x_wconf 83' lang='lat' dir='ltr'>dandum</span> <span class='ocrx_word' id='word_1_638' title='bbox 1593 2534 1651 2571; x_wconf 84' lang='lat' dir='ltr'><strong><em>his,</em></strong></span> <span class='ocrx_word' id='word_1_639' title='bbox 1679 2535 1735 2573; x_wconf 89' lang='lat' dir='ltr'>qui</span> 
     </span>
     <span class='ocr_line' id='line_1_100' title="bbox 972 2586 1549 2625; baseline -0.002 -10"><span class='ocrx_word' id='word_1_640' title='bbox 972 2586 1128 2625; x_wconf 90' lang='lat' dir='ltr'>supplicio</span> <span class='ocrx_word' id='word_1_641' title='bbox 1143 2586 1333 2615; x_wconf 89' lang='lat' dir='ltr'>afficiuntur.</span> <span class='ocrx_word' id='word_1_642' title='bbox 1355 2586 1387 2613; x_wconf 89' lang='lat' dir='ltr'>ii.</span> <span class='ocrx_word' id='word_1_643' title='bbox 1405 2587 1453 2621; x_wconf 88' lang='lat'>20,</span> <span class='ocrx_word' id='word_1_644' title='bbox 1468 2586 1515 2621; x_wconf 88' lang='lat'>12,</span> <span class='ocrx_word' id='word_1_645' title='bbox 1532 2587 1549 2614; x_wconf 90' lang='lat'><strong><em>1</em></strong></span> 
     </span>
    </p>

    <p class='ocr_par' dir='ltr' id='par_1_37' title="bbox 932 2633 1736 2720">
     <span class='ocr_line' id='line_1_101' title="bbox 932 2633 1736 2674; baseline -0.004 -9"><span class='ocrx_word' id='word_1_646' title='bbox 932 2636 1101 2674; x_wconf 88' lang='lat' dir='ltr'>Temporis</span> <span class='ocrx_word' id='word_1_647' title='bbox 1115 2644 1186 2673; x_wconf 86' lang='lat' dir='ltr'>quae</span> <span class='ocrx_word' id='word_1_648' title='bbox 1200 2635 1246 2664; x_wconf 82' lang='lat' dir='ltr'>vis</span> <span class='ocrx_word' id='word_1_649' title='bbox 1266 2635 1307 2663; x_wconf 87' lang='lat' dir='ltr'>ad</span> <span class='ocrx_word' id='word_1_650' title='bbox 1328 2634 1580 2673; x_wconf 88' lang='lat' dir='ltr'>praesumendam</span> <span class='ocrx_word' id='word_1_651' title='bbox 1601 2633 1736 2662; x_wconf 88' lang='lat' dir='ltr'>derelic-</span> 
     </span>
     <span class='ocr_line' id='line_1_102' title="bbox 972 2685 1233 2720; baseline 0 -6"><span class='ocrx_word' id='word_1_652' title='bbox 972 2685 1102 2714; x_wconf 88' lang='lat' dir='ltr'>tionem.</span> <span class='ocrx_word' id='word_1_653' title='bbox 1124 2685 1155 2714; x_wconf 92' lang='lat' dir='ltr'>ii.</span> <span class='ocrx_word' id='word_1_654' title='bbox 1170 2686 1198 2720; x_wconf 86' lang='lat'>4,</span> <span class='ocrx_word' id='word_1_655' title='bbox 1214 2685 1233 2714; x_wconf 91' lang='grc'><strong><em>6</em></strong></span> 
     </span>
    </p>

    <p class='ocr_par' dir='ltr' id='par_1_38' title="bbox 933 2732 1706 2772">
     <span class='ocr_line' id='line_1_103' title="bbox 933 2732 1706 2772; baseline -0.001 -8"><span class='ocrx_word' id='word_1_656' title='bbox 933 2735 1049 2764; x_wconf 89' lang='lat' dir='ltr'>Teneri</span> <span class='ocrx_word' id='word_1_657' title='bbox 1064 2735 1148 2763; x_wconf 89' lang='lat' dir='ltr'>bello</span> <span class='ocrx_word' id='word_1_658' title='bbox 1163 2743 1234 2772; x_wconf 81' lang='lat' dir='ltr'>quae</span> <span class='ocrx_word' id='word_1_659' title='bbox 1249 2733 1480 2772; x_wconf 78' lang='lat' dir='ltr'>intelligantur.</span> <span class='ocrx_word' id='word_1_660' title='bbox 1503 2732 1545 2762; x_wconf 86' lang='lat' dir='ltr'>iii.</span> <span class='ocrx_word' id='word_1_661' title='bbox 1561 2734 1610 2769; x_wconf 92' lang='lat'>20,</span> <span class='ocrx_word' id='word_1_662' title='bbox 1624 2734 1673 2770; x_wconf 87' lang='lat'>12,</span> <span class='ocrx_word' id='word_1_663' title='bbox 1686 2734 1706 2763; x_wconf 88' lang='grc'>2</span> 
     </span>
    </p>

    <p class='ocr_par' dir='ltr' id='par_1_39' title="bbox 933 2784 1646 2822">
     <span class='ocr_line' id='line_1_104' title="bbox 933 2784 1646 2822; baseline -0.003 -8"><span class='ocrx_word' id='word_1_664' title='bbox 933 2784 1075 2814; x_wconf 90' lang='lat' dir='ltr'>Termini</span> <span class='ocrx_word' id='word_1_665' title='bbox 1090 2793 1179 2812; x_wconf 88' lang='lat' dir='ltr'>sacra</span> <span class='ocrx_word' id='word_1_666' title='bbox 1194 2784 1260 2812; x_wconf 87' lang='lat' dir='ltr'>sine</span> <span class='ocrx_word' id='word_1_667' title='bbox 1276 2784 1441 2822; x_wconf 86' lang='lat' dir='ltr'>sanguine.</span> <span class='ocrx_word' id='word_1_668' title='bbox 1462 2784 1506 2814; x_wconf 88' lang='lat' dir='ltr'>iii.</span> <span class='ocrx_word' id='word_1_669' title='bbox 1521 2785 1570 2820; x_wconf 88' lang='grc'>15,</span> <span class='ocrx_word' id='word_1_670' title='bbox 1583 2784 1612 2820; x_wconf 87' lang='lat'>7,</span> <span class='ocrx_word' id='word_1_671' title='bbox 1629 2785 1646 2812; x_wconf 88' lang='lat'><strong><em>1</em></strong></span> 
     </span>
    </p>

    <p class='ocr_par' dir='ltr' id='par_1_40' title="bbox 933 2834 1586 2871">
     <span class='ocr_line' id='line_1_105' title="bbox 933 2834 1586 2871; baseline 0 -8"><span class='ocrx_word' id='word_1_672' title='bbox 933 2834 1155 2863; x_wconf 88' lang='lat' dir='ltr'>Terminorum</span> <span class='ocrx_word' id='word_1_673' title='bbox 1173 2834 1235 2862; x_wconf 92' lang='lat' dir='ltr'>duo</span> <span class='ocrx_word' id='word_1_674' title='bbox 1248 2843 1377 2871; x_wconf 86' lang='lat' dir='ltr'>genera.</span> <span class='ocrx_word' id='word_1_675' title='bbox 1399 2834 1441 2863; x_wconf 84' lang='lat' dir='ltr'>iii.</span> <span class='ocrx_word' id='word_1_676' title='bbox 1457 2835 1506 2871; x_wconf 89' lang='lat'>21,</span> <span class='ocrx_word' id='word_1_677' title='bbox 1520 2835 1552 2868; x_wconf 84' lang='lat'>4,</span> <span class='ocrx_word' id='word_1_678' title='bbox 1567 2835 1586 2863; x_wconf 85' lang='lat'><strong>3</strong></span> 
     </span>
    </p>

    <p class='ocr_par' dir='ltr' id='par_1_41' title="bbox 934 2882 1734 2970">
     <span class='ocr_line' id='line_1_106' title="bbox 934 2882 1734 2920; baseline -0.001 -8"><span class='ocrx_word' id='word_1_679' title='bbox 934 2883 1041 2912; x_wconf 88' lang='lat' dir='ltr'>Terrae</span> <span class='ocrx_word' id='word_1_680' title='bbox 1060 2883 1168 2911; x_wconf 86' lang='lat' dir='ltr'>hostili</span> <span class='ocrx_word' id='word_1_681' title='bbox 1189 2892 1287 2920; x_wconf 88' lang='lat' dir='ltr'>quare</span> <span class='ocrx_word' id='word_1_682' title='bbox 1308 2883 1513 2920; x_wconf 86' lang='lat' dir='ltr'>parcendum.</span> <span class='ocrx_word' id='word_1_683' title='bbox 1534 2882 1577 2913; x_wconf 86' lang='lat' dir='ltr'>iii.</span> <span class='ocrx_word' id='word_1_684' title='bbox 1593 2884 1640 2920; x_wconf 89' lang='lat'>12,</span> <span class='ocrx_word' id='word_1_685' title='bbox 1655 2883 1684 2918; x_wconf 86' lang='lat'>1,</span> <span class='ocrx_word' id='word_1_686' title='bbox 1705 2883 1734 2918; x_wconf 88' lang='grc'>2,</span> 
     </span>
     <span class='ocr_line' id='line_1_107' title="bbox 975 2934 1430 2970; baseline 0 -8"><span class='ocrx_word' id='word_1_687' title='bbox 975 2935 1004 2969; x_wconf 88' lang='grc'>2,</span> <span class='ocrx_word' id='word_1_688' title='bbox 1019 2935 1047 2970; x_wconf 91' lang='grc'>1,</span> <span class='ocrx_word' id='word_1_689' title='bbox 1061 2935 1091 2970; x_wconf 86' lang='grc'>3,</span> <span class='ocrx_word' id='word_1_690' title='bbox 1107 2934 1134 2969; x_wconf 92' lang='grc'>1,</span> <span class='ocrx_word' id='word_1_691' title='bbox 1150 2934 1180 2970; x_wconf 91' lang='grc'>4,</span> <span class='ocrx_word' id='word_1_692' title='bbox 1196 2935 1223 2968; x_wconf 91' lang='grc'>1,</span> <span class='ocrx_word' id='word_1_693' title='bbox 1238 2934 1309 2969; x_wconf 88' lang='grc'><strong><em>5,1,</em></strong></span> <span class='ocrx_word' id='word_1_694' title='bbox 1324 2934 1352 2970; x_wconf 85' lang='grc'>8,</span> <span class='ocrx_word' id='word_1_695' title='bbox 1369 2935 1396 2970; x_wconf 90' lang='grc'>1,</span> <span class='ocrx_word' id='word_1_696' title='bbox 1411 2935 1430 2962; x_wconf 91' lang='grc'>2</span> 
     </span>
    </p>
   </div>
  </div>
 </body>
</html>
