1971 3326
106 187 198 223 CAP.
218 185 380 230 XXIV.]
614 186 683 221 DE
714 186 833 221 FIDE
866 184 1062 221 TACITA.
1494 179 1577 219 403

105 296 199 339 vela
222 296 398 339 candida
425 296 596 340 tacitum
626 297 784 339 habent
815 295 979 353 signum
1012 293 1133 351 petiti
1165 292 1380 350 colloquii:
1418 294 1574 353 obliga-

102 363 207 407 bunt
230 378 330 422 ergo
353 378 435 405 non
459 363 591 406 minus
615 378 738 420 quam
763 363 797 405 si
821 377 921 405 voce
945 362 1120 419 petitum
1145 366 1265 405 esset.

204 431 280 474 VI.
346 430 520 487 Sponsio
543 445 569 472 a
593 430 764 472 ducibus
787 429 898 472 facta
920 435 1123 485 quatenus
1147 427 1271 470 tacite
1294 427 1528 484 approbata
1551 443 1576 470 a

102 497 255 553 populo
290 502 364 539 aut
398 511 500 555 rege
534 496 692 539 censeri
724 496 887 545 debeat,
922 501 965 537 et
997 495 1075 536 hoc
1101 494 1188 551 jam
1223 509 1350 551 supra
1384 494 1572 545 diximus,
1593 510 1651 564 rili).
1666 510 1743 546 ¹115.-

102 563 296 605 nimirum
321 562 392 605 ubi
414 569 456 606 et
478 569 594 606 actus
615 562 694 605 fuit
725 561 926 620 cognitus,
949 567 992 603 et
1016 560 1171 617 aliquid
1204 560 1370 612 factum,
1396 567 1469 608 aut
1492 577 1574 604 non
1592 542 1747 603 32⁷§3-m'

101 628 273 685 factum,
299 629 413 685 cujus
436 630 499 672 rei
521 629 602 672 alia
626 643 749 671 causa
773 633 894 670 extra
918 628 1173 670 voluntatem
1194 627 1347 670 federis
1370 628 1575 684 probandi

102 695 194 738 dari
218 711 300 738 non
323 695 462 752 possit.

202 763 301 805 VII.
360 757 519 804 fPoenae
543 760 727 804 remissio
763 775 815 802 ex
847 759 934 802 sola
966 759 1288 802 dissimulatione
1319 775 1401 802 non
1436 766 1573 818 potest

101 827 261 886 colligi3
298 829 371 871 sed
394 843 496 886 opus
521 834 583 871 est
606 827 776 870 accedat
799 832 914 869 actus
944 826 1039 868 talis
1065 826 1135 882 qui
1158 831 1232 868 aut
1255 826 1473 869 amicitiam
1498 843 1574 883 per

99 909 145 936 se
176 895 379 945 ostendat,
415 901 462 938 ut
493 895 612 937 fedus
646 893 837 936 amicitiae
868 908 1002 942 causa,
1042 897 1115 934 aut
1145 891 1376 948 opinionem
1413 893 1465 935 de
1500 894 1573 935 tali

100 960 257 1004 virtute
280 961 344 1004 cui
368 961 514 1004 merito
538 960 747 1003 antefacta
770 959 994 1002 condonari
1019 959 1210 1009 debeant,
1236 959 1322 1001 sive
1354 974 1403 1002 ea
1435 960 1572 1016 opinio

98 1027 235 1070 verbis
265 1027 445 1071 indicata
469 1033 543 1078 est,
574 1027 661 1071 sive
683 1027 808 1069 rebus
832 1041 924 1082 quae
954 1040 1006 1067 ex
1034 1040 1149 1068 more
1180 1025 1380 1068 institutae
1407 1026 1489 1069 sint
1519 1027 1574 1069 ad

98 1093 225 1136 talem
248 1094 600 1153 significationem.

867 1211 962 1240 etiam
977 1211 1059 1240 inter
1073 1213 1213 1240 armatos
1228 1211 1329 1240 hostes
1343 1211 1456 1249 quietis
1469 1212 1510 1240 sit
1524 1212 1572 1240 in-

867 1262 993 1291 dicium.
1034 1261 1133 1300 (Cap.
1148 1262 1216 1297 30.)

97 1221 184 1251 gere,
204 1212 326 1241 Plinius
340 1212 410 1242 Lib.
426 1221 518 1242 xxu.
534 1221 560 1242 c.
576 1213 604 1241 4.
648 1211 712 1247 Qui
726 1211 801 1241 victi

97 1272 132 1292 se
152 1263 274 1292 dedunt
293 1263 430 1292 inermes
451 1262 643 1300 supplicant,
663 1261 708 1290 ait
727 1261 798 1290 Ser-

97 1313 166 1342 vius
179 1313 219 1341 ad
234 1321 257 1341 Ι.
272 1313 404 1342 AEneid.
421 1312 517 1349 (487.)

159 1367 172 1383 e
191 1362 298 1391 Hodie
312 1363 382 1391 vela
396 1362 534 1392 candida
547 1363 675 1391 tacitum
689 1362 802 1391 habent

96 1413 219 1452 siqnum
227 1414 322 1452 petiti
337 1413 500 1452 colloquii]
524 1413 613 1452 Ignis
632 1422 800 1442 succensus

96 1464 192 1503 petiti
211 1464 362 1503 colloquii
378 1464 506 1502 signum
521 1464 607 1502 apud
628 1464 801 1502 septentri-

97 1514 166 1543 onis
180 1514 326 1553 populos.
363 1514 511 1543 Meminit
525 1513 546 1542 J
551 1514 631 1542 ohan
638 1522 691 1542 nes
706 1514 801 1552 Mag-

96 1574 157 1594 nus
171 1568 204 1594 et
217 1565 280 1594 alii.
314 1565 438 1594 Plinius
450 1565 519 1594 Lib.
530 1573 587 1593 xv.
600 1566 649 1594 30.
665 1564 703 1593 de
711 1564 801 1593 Lau-

928 1311 938 1333 f
956 1313 1064 1341 Poerzoe
1082 1310 1241 1350 remissio]
1267 1312 1400 1341 Tractat
1420 1312 1571 1351 Polybius

873 1365 1018 1392 servatus
1033 1364 1063 1391 in
1074 1362 1245 1401 Ea’cerptis
1254 1362 1470 1402 Leyationum,
1485 1373 1573 1392 num.

868 1416 936 1451 122,
959 1424 998 1443 an
1014 1415 1038 1443 si
1053 1415 1184 1443 remissa
1197 1415 1238 1444 sit
1254 1424 1349 1453 poena
1368 1415 1405 1444 iis
1420 1416 1474 1453 qui
1492 1416 1573 1444 faci-

868 1474 927 1493 nus
941 1465 1056 1501 feeere,
1078 1465 1172 1494 simul
1186 1466 1316 1494 remissa
1330 1465 1371 1494 sit
1388 1466 1572 1494 mandator-

867 1514 961 1542 ibus?
987 1523 1051 1542 non
1073 1517 1163 1552 puto,
1186 1514 1331 1552 singulos
1353 1515 1436 1543 enim
1458 1517 1571 1544 tenent

868 1574 926 1595 sua
939 1564 1066 1594 delicta.

96 1625 156 1645 ru:
188 1616 261 1654 ipsa
281 1616 445 1654 pacifera,
470 1618 505 1645 ut
527 1625 622 1654 quam
643 1615 802 1653 praetendi

96 1782 267 1828 assigned
287 1782 356 1817 but
371 1781 436 1817 the
452 1782 527 1816 will
547 1785 586 1816 to
603 1792 766 1827 approve
786 1781 851 1816 the
873 1782 1107 1817 convention.

173 1840 258 1874 VII.
311 1839 392 1874 The
412 1840 605 1875 remissiori
623 1839 666 1873 of
683 1850 704 1873 a
721 1839 873 1885 penalty
890 1842 1027 1874 cannot
1046 1839 1095 1874 be
1111 1838 1294 1875 collected
1314 1840 1456 1886 merely
1472 1839 1570 1875 from

96 1897 245 1933 silence.
309 1897 344 1932 It
364 1898 395 1932 is
421 1908 615 1943 necessary
634 1896 717 1931 that
745 1896 851 1931 there
873 1897 918 1931 be
939 1896 1061 1931 added
1082 1907 1184 1931 some
1210 1901 1282 1938 act,
1302 1896 1421 1932 which
1449 1898 1571 1933 either

97 1955 140 1989 of
155 1954 260 1989 itself
273 1954 389 1989 shews
409 1954 626 2000 friendsffip,
658 1965 701 1988 or
716 1965 739 1988 a
754 1954 886 1999 league
911 1965 959 1988 on
976 1954 1041 1988 the
1058 1954 1203 1999 ground
1220 1955 1264 1989 of
1282 1954 1502 2000 friendship,
1528 1967 1571 1990 or

97 2023 145 2047 an
163 2012 315 2057 opinion
337 2012 380 2046 of
391 2011 456 2046 the
473 2012 658 2046 existence
679 2011 721 2045 of
737 2012 876 2046 virtues
893 2011 1013 2046 which
1030 2023 1116 2057 may
1131 2012 1214 2057 give
1234 2012 1307 2046 rise
1328 2015 1367 2046 to
1388 2023 1410 2046 a
1431 2013 1569 2047 condo-

96 2070 226 2104 nation
243 2069 287 2103 of
305 2069 477 2115 previous
501 2072 600 2110 acts;
626 2068 793 2104 whether
812 2068 895 2103 that
916 2069 1069 2114 opinion
1088 2069 1136 2103 be
1159 2069 1356 2114 expressed
1378 2069 1417 2102 in
1438 2070 1569 2111 words,

97 2137 141 2161 or
156 2126 206 2172 by
222 2137 350 2162 means
368 2127 411 2162 of
432 2126 556 2172 things
576 2126 697 2161 which
716 2125 767 2172 by
784 2130 927 2161 custom
943 2137 1006 2162 are
1034 2127 1239 2172 appointed
1256 2130 1295 2162 to
1316 2137 1458 2173 convey
1477 2127 1568 2162 such

96 2194 281 2229 meaning.

1277 3016 1425 3057 26—‘2
