1971 3326
1542 178 1624 218 215

149 185 237 222 CAP.
257 186 344 230 XL]
448 186 842 222 INTERFICIENDI
872 186 932 222 IN
961 185 1128 221 BELLO
1159 184 1332 221 JUSTO.

147 295 296 352 quibus
318 295 387 337 ille
411 295 567 337 nullum
595 295 663 352 jus
688 294 834 338 tribuit
865 294 907 337 in
929 293 1126 347 homines,
1159 293 1270 351 quod
1300 308 1382 336 non
1407 293 1460 336 ad
1492 293 1625 335 homi-

147 377 246 404 num
271 362 445 405 salutem
469 377 517 405 ae
540 363 779 405 societatem
802 362 1126 404 conservandam
1145 366 1254 403 esset
1278 359 1552 402 necessarium
1567 360 1591 402 ?

249 430 276 471 2
321 429 491 472 Accedit
522 429 699 486 primum
731 429 782 470 de
806 428 947 484 pueris
971 428 1171 485 judicium
1201 442 1345 469 eorum
1375 426 1620 483 populorum
1641 437 1836 492 ‘323lcit.l‹lregjgrc

147 509 196 537 ae
219 500 465 550 temporum,
491 495 638 551 quibus
669 495 732 536 fas
756 494 933 536 maxime
957 494 1099 538 valuit.
1158 495 1300 536 Arma
1323 494 1526 536 habemus
1548 491 1623 548 (ait
1701 487 1708 498 '
1744 486 1750 492 ’
1797 487 1802 493 ’

147 561 260 617 apud
284 561 446 603 Livium
473 560 685 614 Camillus)
711 576 795 603 11011
818 563 1028 603 adversus
1052 575 1144 603 eam
1170 566 1352 610 (etatem,
1379 561 1452 602 cui
1475 560 1619 608 etiam,
1640 571 1788 601 Μὴν-27.

148 629 292 683 captis
321 628 511 676 urbibus,
534 628 759 683 parcitur,
789 628 864 669 secl
896 629 1104 669 adversus
1129 635 1333 669 armatos.
1387 625 1518 668 Addit
1543 625 1621 666 hoc

148 707 238 736 esse
261 693 369 736 inter
401 693 497 735 belli
514 692 624 748 jura,
656 692 863 734 naturalia
893 692 1057 735 seilicet.
1122 693 1371 734 Plutarchus
1395 692 1447 734 de
1476 691 1620 733 eadem
1639 702 1812 763 Kiffiamil-

147 774 195 801 re
218 774 372 817 agens:
396 767 508 808 sunt,
530 758 675 814 inquit,
702 761 824 814 apud
850 760 975 800 bonos
1000 760 1132 800 etiam
1156 759 1255 801 belli
1278 761 1475 812 quoedam
1500 759 1619 813 Zeqcs.

148 826 234 868 Ubi
256 831 355 868 nota
378 825 479 867 illud
505 827 629 880 apud
648 826 785 874 bonos,
818 829 866 866 ut
889 825 966 866 hoc
984 824 1053 880 jus
1077 825 1130 865 ab
1152 839 1213 872 eo,
1238 824 1349 879 quod
1375 824 1418 864 in
1440 823 1622 865 moribus

147 897 190 934 et
212 891 457 948 impunitate
475 891 652 948 positum
677 897 751 941 est,
778 890 1042 933 discrimines.
1086 890 1154 932 Sic
1178 890 1327 931 Florus
1351 895 1478 946 negat
1500 888 1621 930 aliter
1639 905 1698 930 Lib.
1712 905 1728 930 i.

146 958 256 1000 3fieri
276 958 457 1015 potuisse
488 957 604 1000 salva
631 957 884 1015 integritate.
957 957 1081 1012 Apud
1114 955 1277 998 Livium
1306 955 1386 997 alio
1411 956 1499 997 loeo
1532 960 1838 997 est:1,1b.xx1v.26.

147 1040 177 1066 a
202 1040 290 1080 qua
314 1033 440 1067 aetate
464 1026 597 1066 etiam
619 1025 756 1066 hostes
780 1025 893 1066 irati
916 1024 1191 1066 abstinerent.
1262 1023 1318 1064 Et
1342 1021 1467 1065 alibi:
1491 1036 1622 1075 usque
1639 1036 1699 1092 3531).
1712 1036 1810 1061 xxviii.

148 1094 207 1132 ad
230 1092 471 1145 infantium
495 1092 650 1132 caedem
673 1091 745 1132 ira
771 1091 959 1132 crudelis
973 1091 1182 1144 pervenit.
1639 1083 1652 1092 ‘
1671 1085 1679 1092 ’

230 1158 258 1198 3
308 1156 429 1206 Quod
451 1163 590 1198 autem
609 1156 651 1197 in
675 1156 814 1211 pueris
832 1155 1004 1198 rationis
1022 1170 1139 1197 usum
1157 1170 1239 1196 non
1260 1153 1421 1210 adeptis
1440 1168 1618 1209 semper,

147 1222 191 1264 id
214 1221 257 1264 in
280 1221 440 1264 feminis
460 1222 704 1278 plerumque
733 1222 905 1272 obtinet,
937 1221 980 1264 id
1009 1226 1087 1272 est,
1119 1221 1196 1263 nisi
1220 1220 1376 1277 aliquid
1405 1220 1620 1276 peculiari-

146 1336 232 1356 onem
259 1326 345 1355 ultra
373 1325 528 1354 hominum
555 1335 679 1354 morem.
719 1325 846 1364 (Autiq.

146 1378 225 1407 Jud.
241 1386 322 1406 xm.
339 1386 408 1414 cap.
423 1377 470 1406 14.
489 1375 507 1414 ξ
523 1376 570 1414 2.)
592 1375 750 1414 Agathias
766 1376 847 1404 libro

146 1436 200 1456 111.
229 1425 344 1461 ἐπειδή
366 1426 392 1456 δ’
416 1426 502 1464 ὅμως·
526 1427 588 1464 οὐχ
611 1426 704 1455 ὅσιον
726 1425 780 1454 καὶ
807 1426 852 1454 εἰς

146 1476 233 1506 αὐτά
248 1476 285 1511 δή
299 1476 344 1506 ‘ra‘
359 1476 480 1515 νεογνά
493 1475 604 1514 βρέφη
621 1476 674 1504 καὶ
691 1477 758 1505 τῶν
778 1478 851 1504 τοῖς

146 1527 280 1565 γονεῦσι
301 1525 561 1565 τετολμημένων
588 1526 678 1554 οὐδὲν
707 1523 849 1554 ἐπιστά-

144 1589 226 1615 μενα
253 1580 426 1613 παροινεῖν
448 1577 536 1606 οὕτω
561 1577 616 1605 καὶ
639 1575 850 1614 α’φυβρίζειν,

144 1627 259 1656 οὔκουν
273 1627 386 1656 αὐτοῖς
399 1626 470 1655 οὐδὲ
492 1625 604 1655 ἀποινὶ
625 1626 728 1654 τοῦτο
750 1624 851 1663 ἡμάρ-

143 1685 267 1713 τησαν·
301 1675 551 1715 quandoquidem
578 1684 650 1704 vero
672 1675 763 1712 pium
790 1684 851 1703 non

144 1730 214 1756 erat
226 1727 260 1756 in
274 1736 377 1756 recens
391 1729 481 1755 natos
495 1725 631 1763 infimtes
645 1728 850 1762 paternorum

136 1778 322 1816 facinorum
337 1777 452 1806 inscios
467 1776 514 1805 ita
528 1776 635 1805 stevirc
649 1779 741 1814 atque
761 1775 849 1804 insa-

144 1827 223 1861 nire,
246 1826 315 1855 ideo
337 1826 399 1855 lzaec
418 1826 497 1863 ipsis
518 1835 578 1854 non
597 1825 719 1863 impune
733 1825 848 1854 abiere.

146 1877 236 1915 (Lib.
251 1885 296 1906 ιν.
313 1886 380 1915 cap.
397 1876 444 1914 6.)
487 1876 627 1912 Nieetas‚
643 1878 699 1903 aut
714 1875 767 1912 qui
784 1874 848 1903 his-

145 1927 259 1956 toriam
274 1927 341 1965 ejus
355 1925 511 1964 produxit
531 1926 571 1954 ad
592 1928 737 1963 tempora
758 1925 848 1953 Hen-

146 1976 202 2005 riei
223 1977 317 2014 regis,
341 1977 380 2005 de
402 1975 525 2014 Scythis
546 1984 653 2013 agens,
676 1974 729 2013 qui
751 1974 847 2004 Athi-

145 2035 212 2055 ram
228 2029 394 2063 ceperant:
417 2025 495 2054 άλλ’
509 2025 580 2053 οὐδὲ
593 2023 638 2053 τά
659 2024 848 2061 {monuo-‘rc'-

146 2075 199 2104 δια
214 2076 282 2104 τῶν
296 2075 424 2104 παίδων
438 2074 497 2103 τοῦ
514 2073 616 2102 καλοῦ
639 2072 744 2111 ἐφάνη
765 2072 848 2102 ἀνώ-

145 2136 241 2163 τερα,
257 2124 334 2153 ἀλλ’
347 2123 549 2162 ἀπεθερῖσθη
566 2122 618 2152 καὶ
633 2124 744 2151 ταῦτα
759 2122 849 2152 ucri-ra*

146 2174 253 2214 χλόην
268 2175 321 2203 καὶ
344 2173 438 2203 ἄνθος
459 2173 672 2211 εὐμάραντον,
697 2173 760 2201 ὑπὸ
781 2175 849 2202 τῶν

145 2224 228 2263 ἐλέῳ
256 2224 438 2253 ἀναλώτων
466 2223 598 2252 ἐκείνων
630 2222 764 2261 ἀνδρῶν,
795 2223 849 2251 καὶ

144 2276 296 2314 μηδαμῶς
318 2274 454 2303 εἰδότων
474 2272 515 2302 ὠς
535 2273 642 2302 ἀδικεῖ
663 2272 726 2306 τήν
747 2272 850 2309 φύσιν

145 2325 199 2355 καὶ
228 2324 348 2363 θεσμὸν
375 2324 491 2354 α’θετεῐ
513 2323 575 2353 τὸν
595 2321 809 2361 ἀνθρώπινον,
832 2321 850 2351 ὁ

916 1325 1107 1364 περαιτέρω
1128 1326 1189 1361 τῆς
1211 1325 1300 1360 νίκης
1321 1325 1375 1354 καὶ
1403 1325 1464 1354 τοῦ
1486 1330 1623 1363 κρατεῖν

917 1377 986 1404 τῶν
1009 1375 1167 1405 ἐναντίων
1186 1374 1273 1413 θυμῷ
1298 1375 1480 1414 χριόμενος·
1508 1385 1545 1404 ne
1571 1376 1622 1404 in-

905 1425 1015 1463 fantes
1034 1424 1157 1462 quidem
1177 1424 1323 1453 lactentes
1343 1424 1447 1453 adlzuc
1470 1424 1548 1453 mali
1567 1434 1622 1454 ez·-

916 1475 1123 1513 sortesfzaere,
1138 1474 1193 1503 sed
1205 1477 1233 1503 et
1247 1475 1281 1503 lzz'
1294 1474 1376 1503 velut
1396 1474 1429 1503 in
1450 1475 1547 1503 herba
1567 1475 1620 1504 cle-

915 1525 1008 1553 messi
1033 1527 1114 1562 sunt,
1143 1527 1199 1553 aut
1228 1524 1310 1553 velut
1334 1525 1402 1562 flos
1435 1533 1622 1561 emarczeere,

906 1574 1002 1612 facto
1018 1575 1171 1603 hominum
1186 1574 1404 1603 misericordia
1424 1574 1621 1611 intactorum,

916 1634 1011 1663 neque
1024 1625 1185 1654 scientiam
1200 1623 1351 1660 injuriam
1365 1624 1405 1652 ab
1423 1633 1457 1653 eo
1464 1625 1546 1662 fieri
1562 1634 1621 1653 ηα-

916 1679 991 1705 z‘zcrae
1007 1675 1135 1713 hacfas
1150 1674 1305 1703 hominum
1318 1673 1444 1710 violari,
1455 1674 1510 1712 qui
1524 1675 1621 1711 ultra,

915 1736 1009 1764 quam
1019 1729 1052 1754 ut
1062 1725 1333 1754 lzostesvineataut
1341 1724 1475 1763 szcbz'qat,
1485 1725 1622 1754 ertcndit

915 1776 1009 1804 iram.
1040 1776 1091 1813 (In
1105 1775 1253 1805 Balduin.
1268 1784 1339 1813 cap.
1354 1775 1399 1812 9.)
1440 1775 1535 1804 Adde
1549 1785 1620 1813 quae

915 1825 1004 1854 Beda
1025 1825 1120 1854 habet
1140 1825 1221 1853 libro
1237 1834 1274 1854 11.
1297 1834 1366 1863 cap.
1383 1826 1430 1854 20.
1453 1825 1492 1854 de
1513 1825 1620 1854 Carae-

914 1875 1006 1904 vossae
1028 1875 1174 1904 feritate:
1201 1878 1234 1904 et
1256 1875 1476 1903 Helvetiorum
1504 1875 1620 1903 bonam

913 1925 1017 1962 legem
1033 1925 1118 1963 apud
1133 1924 1310 1960 Simlerum,
1325 1924 1409 1962 (Lib.
1425 1933 1463 1954 11.
1479 1934 1550 1962 pag.
1562 1926 1622 1954 302

915 1974 1005 2003 Edit.
1035 1974 1190 2011 Elzevir.)
1221 1977 1254 2003 et
1279 1974 1471 2003 Elisabethae
1499 1975 1620 2013 reginae

913 2024 966 2061 pia
988 2024 1138 2053 mandata
1160 2025 1246 2062 apud
1268 2024 1466 2054 Camdenum
1487 2025 1519 2053 in
1536 2034 1620 2053 anno

914 2075 974 2104 clo
986 2074 1022 2103 Io
1034 2082 1131 2103 xcvx.

973 2123 986 2141 ³
1007 2124 1112 2152 Locus
1132 2123 1242 2153 FLom
1266 2123 1311 2152 ita
1331 2133 1398 2152 sese
1417 2123 1534 2153 habet:
1563 2123 1619 2153 Ve-

915 2183 984 2203 rum
1006 2174 1123 2203 sciebat
1143 2174 1318 2208 victoriam,
1340 2184 1415 2212 quae,
1437 2175 1528 2203 salva
1540 2174 1620 2212 fide,

913 2226 942 2252 et
963 2223 1087 2261 inteqra
1111 2222 1273 2261 diynitate,
1286 2226 1466 2261 pareretur.
1500 2223 1570 2252 Lib.
1595 2232 1618 2252 1.

915 2274 1045 2311 cap.12.
1086 2272 1122 2302 J.
1138 2272 1182 2301 B.

146 2454 231 2489 And
253 2454 286 2489 if
304 2454 389 2489 God
410 2455 473 2490 did
495 2455 568 2489 and
596 2454 763 2490 directed
790 2453 887 2495 thus,
909 2453 974 2489 the
996 2455 1110 2489 Giver
1129 2454 1203 2488 and
1224 2452 1325 2488 Lord
1352 2452 1395 2487 of
1420 2452 1497 2494 life,
1517 2452 1616 2487 what

148 2512 283 2546 should
299 2522 387 2546 men
408 2512 468 2552 do,
488 2515 528 2546 to
545 2512 667 2546 whom
688 2511 736 2545 he
756 2511 823 2545 has
844 2511 952 2557 given
972 2522 1022 2546 no
1044 2511 1236 2557 authority
1257 2521 1345 2545 over
1365 2520 1463 2550 men,
1484 2513 1617 2555 except

148 2567 248 2602 what
266 2568 295 2602 is
312 2579 509 2613 necessary
525 2572 565 2603 to
582 2578 755 2614 preserve
773 2567 837 2602 the
855 2568 975 2614 safety
997 2569 1071 2602 and
1088 2569 1230 2613 society
1248 2567 1291 2600 of
1306 2566 1418 2600 men?

222 2628 244 2658 2
275 2624 379 2658 With
399 2625 533 2669 regal-d
551 2629 591 2659 to
614 2624 802 2665 Children,
823 2635 876 2659 we
898 2635 961 2659 are
982 2625 1185 2670 supported
1206 2625 1256 2669 by
1276 2622 1341 2657 the
1358 2622 1556 2668 judgment
1578 2621 1623 2656 of

150 2681 213 2716 the
235 2685 333 2715 most
352 2681 472 2715 moral
493 2682 601 2716 times
623 2681 697 2715 and
715 2682 878 2727 peoples.

933 2682 983 2716 So
1007 2682 1196 2722 Camillus,
1221 2681 1258 2714 in
1280 2680 1396 2725 Livy3
1427 2679 1619 2720 Plutarch,

147 2738 229 2772 who
250 2749 332 2784 says
360 2739 454 2772 there
474 2749 547 2778 are,
568 2750 698 2783 amowy
716 2739 808 2784 qood
826 2750 916 2777 111611,
939 2739 1073 2772 certain
1095 2739 1181 2771 laws
1201 2738 1249 2782 of
1262 2748 1341 2770 war
1355 2749 1365 2769 :
1386 2735 1509 2771 where
1528 2740 1619 2770 note

148 2796 249 2841 apud
273 2797 388 2836 bonos,
418 2805 554 2840 among
579 2794 676 2840 good
705 2806 803 2835 men,
829 2794 913 2828 that
937 2805 1011 2840 you
1039 2806 1126 2839 may
1156 2792 1378 2838 distinguish
1404 2792 1511 2828 those
1531 2793 1618 2827 laws

147 2852 246 2886 from
266 2852 331 2887 the
361 2855 573 2897 customary
600 2851 717 2896 rights
739 2851 782 2886 of
805 2862 892 2891 war,
913 2850 1033 2885 which
1054 2851 1142 2897 only
1166 2861 1277 2885 mean
1307 2850 1504 2896 impunity.
1568 2850 1618 2884 So

148 2909 300 2944 Florus:
329 2909 403 2943 and
424 2909 517 2954 Livy
538 2908 658 2954 again.

222 2969 242 3000 3
264 2966 344 3001 The
365 2966 446 3000 rule
464 2966 507 3000 of
519 2977 644 3011 merey
657 2963 776 2999 which
793 2964 938 3000 obtains
953 2964 1087 3011 always
1100 2965 1137 2998 in
1154 2964 1305 3006 infants,
1319 2963 1465 2998 obtains
1487 2963 1622 3009 mostiy
