1971 3326
349 194 402 232 22
706 199 962 241 QUANTUM
992 200 1049 234 IN
1079 199 1244 234 BELLO
1275 199 1470 242 LICEAT,
1630 199 1726 244 [LIB.
1747 201 1817 237 111.

349 308 514 352 mentiri
539 308 607 352 ubi
639 315 682 352 et
704 309 907 365 quomodo
932 313 1119 364 oportet:
1154 321 1288 363 neque
1313 307 1478 350 videtur
1506 307 1721 350 dissentire
1744 309 1817 350 ali-

349 381 451 431 quot
485 375 527 417 in
549 375 647 418 locis
681 375 939 423 Aristoteles,
973 374 1086 429 cujus
1109 373 1209 415 illud
1244 370 1335 416 καθ’
1361 370 1471 416 αὐτὸ
1499 373 1610 429 quod
1640 374 1817 416 diximus

350 440 501 497 exponi
530 447 667 498 potest
702 439 984 488 communiter,
1018 439 1105 480 sive
1135 453 1182 480 re
1213 444 1399 494 spectata
1433 438 1621 494 sepositis
1644 439 1816 481 circum-

131 516 330 577 ᾒτξζξιζξιὲέἕξι-
350 507 520 549 stantiis.
581 509 793 562 Interpres
816 510 954 546 autem
979 504 1066 559 ejus
1087 503 1347 546 Andronicus
1368 503 1556 546 Rhodius
1584 505 1636 547 de
1659 506 1816 548 medico

130 577 184 605 ‘²⁹⁷-
349 573 461 628 apud
483 578 686 629 aegrotum
710 570 934 613 mentiente
955 569 1011 611 sic
1033 569 1116 613 ait:
1149 567 1309 627 α’πατᾷ
1332 567 1424 622 μὲν,
1452 566 1660 615 ἀπατεών
1683 566 1726 615 δὲ
1751 569 1819 616 οὐκ

350 634 484 682 ἔστιν·
521 639 682 693 decipit
712 638 894 692 quidem,
929 644 978 678 at
1009 638 1203 692 deceptor
1230 652 1314 678 non
1343 645 1434 679 est:
1470 636 1645 678 Causam
1675 637 1816 680 addit:

351 702 399 747 οὐ
425 701 520 764 *γάρ
553 702 685 750 τέλος
720 698 816 763 ἔχει
855 700 936 754 τήν
966 698 1145 754 ἀπάτην
1180 704 1260 745 τοῦ
1298 704 1540 752 νοσοῦντος,
1576 699 1698 747 ἀλλά
1732 700 1819 756 τήν

351 772 585 830 σωτηρίαν·
621 785 705 811 non
751 770 861 811 enim
890 770 1164 824 propositum
1209 769 1295 811 sibi
1336 769 1462 810 habet
1499 770 1703 824 decipere,
1745 770 1819 811 sed

350 852 522 878 servare
546 844 762 891 aeqrotunz.

447 903 474 943 4
525 901 813 952 Quintilianus,
839 914 961 957 quem
986 899 1085 950 dixi,
1107 900 1213 941 hanc
1240 899 1370 956 ipsam
1394 906 1555 956 partem
1579 899 1818 949 defendens,

352 968 550 1024 pleraque
587 982 675 1010 esse
697 967 755 1009 ait
785 981 878 1022 quae
902 981 984 1008 non
1007 972 1093 1008 tam
1116 965 1248 1015 factis,
1281 980 1404 1022 quam
1429 965 1560 1008 causis
1588 980 1730 1007 eorum
1754 966 1821 1008 vel

354 1035 528 1076 honesta
551 1034 664 1082 fiant,
691 1032 758 1075 vel
781 1031 931 1088 turpia.
987 1031 1194 1088 Diphilus,

645 1112 752 1154 Quod
773 1123 841 1158 pro
862 1112 981 1146 salute
1003 1112 1139 1146 dicitur
1159 1111 1394 1145 mendacium

643 1171 707 1205 Me
722 1170 849 1215 judice
868 1169 1007 1203 habere
1028 1169 1080 1202 nil
1100 1172 1224 1215 potest
1244 1168 1480 1204 incommodi.

359 1236 572 1287 Quaerenti
595 1236 706 1292 apud
732 1234 974 1291 Sophoclem
1001 1233 1272 1290 Neoptolemo
1295 1235 1536 1288 (Plziloctet.
1558 1248 1661 1277 vers,
1679 1233 1764 1278 107
1768 1235 1800 1289 ):

642 1316 731 1349 Non
754 1314 823 1349 tibi
848 1313 996 1348 videtur
1020 1317 1130 1359 turpe
1154 1313 1454 1359 falsiloquentia?

356 1381 599 1438 Respondet
623 1380 810 1437 Ulysses,

129 387 191 411 Nic.
206 386 232 410 ii.
245 386 273 415 73

128 417 165 442 iv.
181 417 217 441 13.

131 913 200 936 Insl.
218 912 296 936 orae.

133 943 181 967 xii.
197 943 217 966 l.

137 1045 219 1076 Apud
229 1046 303 1070 stob.

141 1077 195 1101 Tit.
209 1077 257 1101 xii.

642 1462 742 1502 Non,
763 1461 793 1495 si
814 1460 912 1495 salus
932 1462 1107 1494 nascatur
1126 1469 1170 1493 ex
1190 1458 1396 1494 mendacio.

358 1527 435 1570 Cui
472 1527 618 1569 similia
653 1541 706 1568 ex
742 1524 945 1567 Pisandro
984 1529 1027 1566 et
1059 1523 1259 1579 Euripide
1294 1523 1550 1566 adferuntur.
1622 1525 1679 1566 Et
1712 1523 1824 1579 apud

360 1593 656 1643 Quintilianum
680 1592 799 1649 lego:
827 1606 931 1632 nam
955 1596 996 1632 et
1021 1591 1292 1632 mendacium
1318 1591 1458 1632 dicere
1481 1590 1614 1632 etiam
1636 1591 1825 1646 sapienti

358 1661 599 1715 aliquando
634 1673 872 1701 concessum
908 1665 981 1699 est.
1047 1655 1291 1698 Eustathius
1316 1656 1586 1743 Metroupolita
1608 1655 1825 1698 Thessalo-

357 1725 530 1768 nicensis
566 1725 620 1766 ad
657 1724 878 1766 secundum
917 1723 1143 1780 Odysseae.
1184 1718 1466 1780 xlsev'creTacu

136 1597 205 1621 Inst.
223 1597 298 1622 Orat.

135 1628 162 1651 ii.
176 1628 212 1655 17.

1475 1742 1589 1765 ΚαΤα
1623 1741 1766 1782 ΚαίρΟν
1800 1742 1824 1765 0

415 1834 553 1864 “Κατα
567 1833 695 1873 καιρὸν]
717 1834 755 1862 In
771 1836 926 1871 tempore,
939 1834 976 1861 ut
991 1831 1058 1860 Do·-

359 1887 453 1914 natus
466 1884 611 1922 loquitur
625 1884 665 1912 ad
681 1883 840 1920 Adelphos
858 1891 903 1910 xv.
919 1883 948 1911 3.
965 1882 1056 1919 (vers.

360 1935 422 1972 18.)
462 1935 509 1963 Et
527 1935 627 1971 ipsum
637 1933 757 1971 fallere
776 1933 808 1960 in
827 1936 968 1969 tempore,
989 1932 1059 1970 qui-

360 1985 433 2014 dam
447 1985 483 2013 de
498 1984 611 2024 officiis
624 1983 789 2011 scribentes
804 1985 919 2010 reclam
935 1984 1059 2018 putant.

361 2034 473 2063 Cicero
493 2042 551 2071 pro
573 2033 612 2067 Q.
629 2031 768 2069 Ligario,
789 2030 921 2068 aliquod
937 2030 1061 2058 menda-

360 2086 442 2114 cium
483 2085 639 2112 honestum
679 2085 707 2111 et
747 2081 924 2109 misericors
959 2083 1060 2108 vocat.

361 2134 458 2173 (Cap.
473 2134 519 2171 5.)

1184 1834 1200 1850 Κ
1221 1830 1392 1868 ι(ξξιι(ιι”ρηιιε>·
1419 1833 1448 1860 et
1474 1831 1663 1869 imprudenti
1690 1830 1824 1871 accidit]

1127 1879 1227 1908 Ream
1249 1880 1387 1917 linquam
1407 1880 1562 1917 nonfacit
1578 1881 1640 1910 m‘sz‘
1659 1891 1715 1910 rea
1735 1891 1828 1912 mens.

1130 1930 1189 1958 Et:
1212 1928 1311 1958 Nemo
1334 1929 1479 1958 mentiens
1491 1929 1688 1967 judicandus
1708 1935 1752 1960 est
1773 1932 1828 1971 qui

1128 1979 1205 2007 dicit
1222 1980 1348 2015 salsum
1375 1980 1459 2018 quod
1479 1984 1575 2018 putat
1600 1991 1714 2017 verum,
1741 1983 1829 2020 quia,

1129 2032 1276 2065 quantum
1291 2029 1406 2066 inipso
1421 2033 1473 2065 est,
1493 2040 1553 2058 ηοη
1564 2031 1662 2069 fallit
1680 2032 1753 2070 ipse,
1774 2032 1830 2061 sed

1119 2078 1265 2116 6Ῑίὶιῖῖὶτιιιπ
1310 2078 1391 2106 Sunt
1411 2079 1477 2107 haec
1492 2080 1676 2118 Augustini,
1697 2081 1735 2111 de
1754 2081 1829 2111 Ver-

1131 2128 1178 2157 bis
1192 2128 1335 2165 Apostoli
1350 2137 1494 2158 sermone
1506 2138 1634 2159 xxvuI.
1645 2131 1830 2169 [180.num.

361 2275 435 2310 and
455 2274 488 2309 if
508 2285 561 2308 we
578 2274 720 2308 believe
737 2271 917 2307 Plutarch
934 2271 1008 2306 and
1027 2271 1245 2312 Quintilian,
1262 2270 1326 2305 the
1349 2270 1480 2311 Stoics,
1497 2269 1590 2311 who,
1606 2281 1743 2316 among
1762 2271 1828 2307 the

361 2332 450 2378 gifts
469 2331 512 2366 of
528 2331 591 2365 the
608 2331 693 2364 wise
710 2341 808 2371 man,
827 2329 933 2375 place
953 2328 1047 2369 that,
1063 2336 1101 2363 to
1118 2328 1226 2362 know
1242 2327 1324 2363 how
1341 2327 1415 2361 and
1433 2326 1539 2361 when
1560 2330 1598 2362 to
1615 2327 1676 2362 lie.
1725 2327 1828 2363 Aris-

360 2389 455 2424 totle
480 2389 518 2422 in
543 2399 645 2422 some
669 2387 794 2432 places
819 2397 975 2432 appears
1001 2390 1040 2420 to
1071 2386 1117 2419 be
1148 2385 1191 2419 of
1217 2384 1281 2420 the
1317 2395 1418 2419 same
1457 2384 1619 2429 opinion.
1682 2383 1828 2419 Andro-

361 2447 465 2480 nicus
486 2445 666 2485 Rhodius,
687 2443 866 2489 speaking
883 2443 926 2477 of
948 2453 971 2476 a
987 2442 1179 2488 physician
1198 2442 1278 2476 who
1299 2441 1383 2476 tells
1412 2452 1435 2475 a
1454 2441 1502 2475 lie
1528 2444 1567 2476 to
1594 2441 1650 2476 his
1672 2442 1829 2487 patient,

362 2514 455 2549 says,
477 2503 514 2537 he
539 2503 692 2542 deceives,
720 2503 779 2535 bnt
809 2500 838 2534 is
868 2505 928 2533 not
953 2511 977 2533 α
1005 2500 1177 2538 ᾱεοείυεν;
1209 2499 1283 2533 and
1307 2498 1399 2533 adds
1420 2497 1484 2533 the
1504 2509 1650 2540 reason,
1672 2498 1755 2534 that
1775 2499 1827 2534 his

362 2561 465 2606 object
486 2560 514 2593 is
530 2565 590 2593 not
608 2565 640 2592 to
660 2559 798 2598 deceive,
816 2558 875 2591 bnt
893 2562 926 2590 to
946 2567 1025 2590 save
1045 2557 1098 2590 the
1114 2568 1212 2590 man.

433 2621 455 2650 4
491 2617 606 2662 Many
627 2615 752 2650 others
773 2613 911 2648 defend
927 2613 994 2648 lies
1015 2613 1075 2647 for
1098 2613 1195 2658 good
1217 2623 1418 2658 purposes:
1448 2612 1665 2654 Quintilian,
1695 2611 1829 2657 Diphi-

363 2673 432 2715 lus,
455 2673 669 2719 Sophocles,
686 2671 877 2711 Pisander,
898 2670 1107 2715 Euripides,
1131 2670 1337 2710 Quintilian
1358 2669 1479 2715 again,
1499 2668 1729 2710 Eustathius,
1749 2668 1831 2703 who

363 2730 488 2775 brings
506 2730 735 2765 testimonies
752 2729 850 2763 from
871 2727 1085 2762 Herodotus
1105 2727 1179 2760 and
1199 2727 1394 2762 Isocrates.

440 2787 490 2820 X.
555 2791 572 2821 1
609 2787 788 2832 Opinions
815 2797 855 2820 so
884 2785 1017 2830 widely
1053 2784 1235 2829 differing,
1265 2783 1425 2830 perhaps
1456 2793 1511 2817 we
1540 2793 1625 2828 may
1656 2782 1696 2816 in
1725 2792 1829 2817 some

365 2853 533 2876 measure
562 2844 768 2884 conciliate,
798 2843 848 2888 by
877 2853 899 2876 a
922 2842 1044 2887 larger
1068 2853 1111 2876 or
1141 2842 1289 2876 stricter
1315 2839 1548 2886 acceptation
1573 2839 1616 2873 of
1639 2838 1704 2873 the
1730 2843 1829 2873 term

367 2899 418 2933 lie.
480 2899 554 2933 For
574 2911 627 2933 wo
645 2900 692 2934 do
713 2904 779 2934 not
795 2899 885 2934 here
906 2911 971 2934 use
996 2899 1060 2933 the
1080 2903 1176 2933 term
1202 2899 1254 2939 lie,
1280 2909 1320 2932 so
1346 2908 1385 2932 as
1412 2900 1451 2932 to
1472 2896 1584 2942 apply
1601 2895 1723 2930 where
1743 2895 1773 2929 it
1796 2895 1828 2930 is

366 2956 618 2998 unintended3
644 2968 697 2990 we
715 2968 800 3002 may
818 2956 1038 3001 distinguish
1060 2967 1082 2990 a
1091 2955 1281 3003 falselzood
1299 2954 1371 2988 and
1389 2965 1411 2988 a
1429 2954 1481 2988 lie.
1534 2953 1602 2988 We
1620 2964 1728 2988 mean
1746 2952 1829 2988 that
