1971 3326
724 192 789 228 Ac
819 191 1120 227 VERBORUM.

120 309 151 343 4,
167 310 196 339 3.
241 309 305 338 Jus
320 309 359 339 de
374 309 507 348 captivis
522 309 706 347 redemptis.
727 308 771 337 iii.
792 308 821 344 9,
837 308 887 345 11,

121 358 150 388 δῦ
173 360 202 396 3,
225 361 273 396 10,
297 361 326 389 2.
369 359 432 389 Jus
459 369 517 398 pro
546 360 593 396 iis,
615 360 669 398 qui
691 358 888 398 postliminio

121 409 293 440 redierunt.
314 410 357 440 iii.
371 412 399 446 8,
416 412 464 448 10,
480 412 509 439 3.
552 410 621 439 Lex
635 410 719 439 circa
737 419 787 439 res
812 419 889 448 cap-

119 461 180 488 tas.
201 459 244 488 iii.
261 461 309 497 13,
329 461 360 497 4,
382 461 411 489 4.
455 460 528 489 Mos
549 460 632 489 circa
651 469 744 498 reges
766 462 889 498 captos.

121 509 164 538 iii.
181 511 230 547 11,
246 511 276 545 7,
291 512 321 545 2,
336 512 355 539 3

83 557 202 588 Ruben
230 560 440 590 exheredatus
468 570 488 590 a
511 561 585 600 jure
617 560 889 600 primogeniturae.

122 608 165 639 iii.
181 609 210 646 7,
224 610 263 639 25

473 767 506 796 S.

85 849 237 878 Sabbathi
257 849 309 878 lex
330 859 389 888 pro
412 850 520 879 servis.
543 851 586 880 iii.
608 852 657 888 14,
674 851 704 885 5,
721 852 747 880 1.
791 850 890 889 Cujus

123 898 170 928 rei
184 899 373 938 symbolum.
394 900 425 929 ii.
443 902 494 937 20,
508 902 558 937 45,
578 902 607 930 2.
651 901 773 930 violati
796 910 892 938 poena.

124 958 182 978 cur
196 949 352 987 capitalis.
374 950 450 979 ibid.

86 998 311 1028 Sacerdotibus
334 1002 367 1029 et
384 1009 492 1028 eorum
508 1000 635 1030 asseclis
649 1001 844 1039 parcendum
858 1000 891 1029 in

123 1049 220 1078 bello.
241 1049 284 1078 iii.
300 1051 350 1084 11,
368 1051 416 1086 10,
432 1052 449 1078 1

86 1100 183 1128 Sacra
200 1100 360 1138 corrumpi
374 1110 414 1129 an
429 1101 553 1139 possint
564 1102 638 1139 jure
652 1101 738 1131 belli.
761 1101 803 1131 iii.
817 1100 847 1136 5,
860 1102 891 1136 2,

127 1150 154 1186 1,
169 1151 198 1179 3.
242 1149 315 1184 Quo
341 1159 435 1179 sensu
459 1151 596 1188 publica.
620 1151 664 1180 iii.
682 1152 710 1187 5,
731 1153 759 1187 2,
777 1153 810 1180 2.
851 1151 889 1179 In

126 1199 289 1229 deditione
310 1201 635 1238 comprehenduntur.
658 1201 701 1229 iii.
722 1203 751 1237 5,
770 1202 799 1236 2,
817 1203 848 1236 1,
863 1200 891 1230 ὃ»

127 1249 147 1278 i.
171 1251 200 1286 3,
214 1251 244 1285 8,
258 1251 288 1279 3.
331 1250 426 1279 Hosti
448 1260 538 1279 sacra
558 1260 598 1279 an
619 1251 693 1280 sint.
715 1251 758 1280 iii.
775 1252 805 1286 5,
820 1253 848 1287 2,
862 1252 893 1280 4.

126 1299 244 1337 Populi
266 1300 433 1329 voluntate
453 1301 589 1338 profana
605 1301 700 1330 faeta.
721 1301 764 1330 iii.
778 1302 807 1337 5,
822 1303 851 1337 2,
863 1301 894 1337 3,

128 1349 158 1385 5,
174 1348 201 1378 ὅτ,
217 1359 288 1388 cap.
306 1351 357 1385 12,
373 1350 403 1386 7,
418 1351 436 1378 2

89 1399 329 1428 Sacramentum
365 1400 504 1428 militare
533 1401 608 1437 post
636 1399 896 1430 Constantinum.

127 1449 148 1478 i.
164 1451 298 1486 2‚10,4,
316 1448 343 1478 a
360 1449 392 1478 ii.
411 1451 458 1485 13,
470 1451 518 1485 11,
532 1451 552 1478 3

95 1499 199 1528 Sacris
213 1500 408 1537 parcendum
423 1499 456 1528 in
470 1499 565 1528 bello.
587 1499 632 1528 iii.
647 1500 695 1536 12,
710 1499 729 1529 6

91 1548 255 1587 Sagmina.
278 1549 322 1578 iii.
337 1550 366 1585 3,
380 1550 400 1578 8

91 1598 271 1637 Saguntina
306 1598 521 1627 controversia
554 1599 638 1628 inter
669 1599 833 1628 Romanos
868 1601 902 1628 et

133 1648 423 1686 Carthaginienses.
445 1648 476 1677 ii.
494 1648 544 1684 16,
560 1650 599 1678 13

93 1698 254 1728 Samsonis
268 1707 367 1727 mors.
388 1698 419 1727 ii.
435 1698 485 1732 19,
502 1699 531 1733 5,
547 1699 566 1726 4

94 1747 227 1786 Sapiens
236 1750 351 1776 natura
365 1747 583 1785 magistratuS,
602 1756 665 1785 quo
680 1756 785 1777 sensu.
805 1747 836 1777 ii.
850 1749 901 1784 20,

132 1797 162 1834 9,
177 1799 197 1826 2

95 1847 277 1877 Satisfactio
293 1846 456 1876 offerenda
470 1847 509 1875 ab
525 1855 562 1875 eo
576 1846 631 1884 qui
649 1846 795 1884 deliquit,
810 1848 902 1875 ante-

133 1908 230 1938 quam
253 1898 378 1937 justum
406 1898 527 1928 bellum
549 1905 662 1936 gerere
686 1897 798 1936 possit.
819 1896 850 1926 ii.
873 1897 902 1932 1,

137 1950 188 1987 18,
203 1950 223 1977 2

97 1999 175 2029 Saul
188 2008 229 2027 an
243 1999 276 2028 in
291 1998 458 2037 impietate
472 1999 629 2027 mortuus.
650 1997 683 2026 ii.
703 1996 751 2032 19,
765 1996 794 2032 5,
812 1997 831 2024 4

99 2049 219 2085 Sciens,
238 2057 378 2087 praesens
393 2051 425 2077 et
445 2050 555 2077 tacens
577 2046 705 2085 quando
725 2044 905 2075 consentire

138 2099 298 2128 credatur.
319 2098 351 2126 ii.
366 2100 394 2134 4,
409 2098 438 2133 5,
454 2099 471 2126 1

100 2148 240 2177 Scientia
254 2148 384 2186 quando
398 2148 621 2185 praesumatur.
644 2145 676 2174 ii.
692 2146 740 2181 21,
754 2146 785 2180 2,
799 2144 818 2174 6

101 2198 371 2229 Scholasticorum
408 2196 568 2226 sententia
602 2196 641 2225 de
674 2194 839 2224 mendacio
875 2195 908 2223 et

141 2248 406 2287 aequivocatione.
426 2247 471 2277 iii.
486 2248 514 2282 1,
530 2247 578 2281 17,
593 2247 612 2275 3

102 2299 222 2337 Scripti
248 2301 281 2328 et
309 2297 476 2327 sententiae
503 2297 594 2326 locus
621 2295 707 2333 apud
735 2293 906 2324 Rhetores.

141 2349 174 2378 ii.
190 2349 238 2386 16,
249 2350 278 2385 4,
293 2350 312 2377 2

103 2399 271 2437 Scriptura
284 2399 317 2427 in
332 2397 429 2426 dubio
451 2397 492 2426 ad
505 2397 749 2425 monumentum
764 2396 910 2423 contrac-

143 2452 196 2478 tus
211 2448 356 2478 adhibita
370 2449 529 2476 censetur.
550 2446 583 2475 ii.
600 2446 648 2481 16,
662 2446 702 2474 30

105 2498 281 2536 Scripturae
296 2499 329 2526 et
343 2496 477 2534 picturae
491 2495 600 2524 eadem
614 2494 707 2524 ratio.
728 2494 760 2523 ii.
775 2494 806 2528 8,
821 2494 870 2529 21,
885 2494 902 2522 1

106 2547 300 2586 Σκυθισμός.
321 2547 354 2576 ii.
370 2547 418 2582 15,
432 2547 460 2582 5,
476 2548 493 2575 1

109 2597 236 2627 Σκῦλα.
256 2597 301 2626 iii.
316 2596 345 2630 6,
361 2597 410 2631 24,
425 2597 444 2624 4

108 2647 295 2685 Semipravi.
316 2646 361 2675 iii.
377 2647 425 2681 11,
438 2646 468 2681 4,
483 2644 503 2674 6

109 2699 245 2727 Senatus
274 2697 440 2725 Romanus
467 2693 576 2731 aliquo
604 2695 750 2730 tempore
776 2691 915 2729 partitus

148 2755 309 2776 summum
324 2744 493 2782 imperium
509 2752 579 2772 cum
593 2742 725 2780 populo.
749 2741 768 2770 i.
788 2742 819 2777 3,
834 2742 885 2775 20,
896 2740 916 2770 6

110 2795 278 2826 Sententia
286 2794 340 2832 jus
354 2793 483 2832 proprie
498 2801 563 2820 non
579 2792 645 2820 dat.
666 2790 710 2820 iii.
722 2792 751 2827 2,
764 2791 794 2825 5,
809 2791 826 2818 1

110 2845 285 2876 Sententiae
306 2853 377 2882 quae
398 2842 575 2872 dividendae
596 2844 653 2870 aut
673 2839 916 2879 conjungenda?-

149 2896 182 2926 ii.
198 2896 228 2932 5,
242 2895 291 2925 19.
334 2893 503 2929 Quomodo
522 2891 727 2921 numerandae
747 2890 832 2919 inter
852 2898 918 2927 θος,

149 2945 206 2984 qui
223 2944 366 2983 dispares
379 2944 489 2982 partes
502 2942 534 2971 in
550 2950 585 2971 re
599 2941 730 2971 habent.
753 2940 786 2970 ii.
801 2940 830 2976 5,
845 2940 884 2969 22

1683 180 1767 223 437

958 305 1194 336 Sententiarum
1210 305 1279 343 pari
1294 313 1425 334 numero
1446 312 1520 334 reus
1540 302 1715 333 absolvitur
1736 305 1770 332 et

997 365 1160 395 possessor
1175 355 1284 385 vincit.
1305 356 1337 384 ii.
1353 356 1383 390 5,
1398 356 1437 384 18

959 406 1139 445 Sepeliendi
1158 406 1212 444 jus
1227 405 1330 443 quale.
1352 405 1386 435 ii.
1403 405 1450 440 19,
1466 405 1495 438 1,
1518 405 1545 434 5.
1587 404 1660 432 Mos
1682 403 1768 432 unde

999 461 1101 487 ortus.
1121 457 1152 486 ii.
1170 457 1219 493 19,
1234 458 1264 492 2,
1279 458 1308 493 1,
1322 457 1352 486 4.
1396 455 1515 485 Hostes
1530 457 1562 485 et
1582 454 1711 483 inimici.
1733 453 1765 482 ii.

999 507 1047 543 19,
1062 508 1090 543 3,
1106 508 1134 542 1,
1149 507 1177 542 2,
1193 507 1213 535 3

961 557 1167 595 Sepeliendos
1183 555 1262 594 (ob)
1279 557 1423 585 mortuos
1438 555 1533 584 bella.
1555 553 1587 584 ii.
1604 554 1654 589 19,
1669 555 1697 589 3,
1712 553 1731 582 6

960 608 1134 646 Sepultura
1153 616 1192 635 an
1209 607 1364 636 debeatur
1378 606 1436 643 his,
1453 605 1508 644 qui
1522 614 1556 634 se
1572 604 1770 634 occiderunt.

1001 658 1045 686 iii.
1062 657 1109 693 19,
1125 658 1155 692 5,
1172 659 1199 693 1,
1214 658 1233 686 3

961 708 1165 746 Sepulturam
1181 706 1350 745 prohibere
1362 706 1452 735 furor
1461 705 1588 735 dicitur.
1604 704 1646 733 iii.
1658 704 1743 740 19‚3‚
1753 704 1773 732 4

961 759 1092 796 Sergius
1113 758 1234 787 Paulus
1257 757 1290 786 in
1315 758 1508 795 magistratu
1535 758 1646 785 manet
1668 755 1774 785 factus

1002 808 1214 837 Christianus.
1237 807 1257 835 i.
1273 809 1303 840 2,
1320 808 1348 842 7,
1366 808 1404 836 10

962 858 1104 888 Servitus
1127 867 1166 886 ex
1190 857 1367 886 voluntate.
1390 857 1421 885 ii.
1443 858 1474 892 5,
1496 855 1544 891 26,
1566 856 1615 886 27.
1656 854 1774 884 Neuti-

1000 917 1096 946 quam
1113 910 1238 945 pugnat
1253 906 1409 945 cumjure
1425 906 1576 934 naturali.
1591 905 1623 935 ii.
1634 906 1664 940 5,
1679 906 1728 941 27,
1742 906 1773 935 2.

1000 958 1050 986 Ex
1065 966 1170 995 poena.
1194 957 1226 985 ii.
1241 957 1270 992 5,
1285 957 1315 985 3.
1357 956 1518 990 Perfecta,
1535 958 1567 984 et
1586 954 1775 992 imperfecta

1005 1017 1088 1045 quae.
1112 1007 1146 1035 ii.
1161 1008 1192 1043 5,
1208 1007 1256 1042 27,
1273 1008 1301 1042 1,
1318 1007 1347 1036 ἃ
1363 1007 1411 1041 30,
1428 1008 1455 1035 1.
1500 1005 1572 1040 Quo
1587 1013 1683 1034 sensu
1697 1012 1774 1033 con-

1004 1060 1055 1085 tra
1066 1059 1214 1085 naturam
1230 1056 1367 1085 dicatur.
1388 1055 1431 1085 iii.
1454 1055 1483 1092 7,
1499 1056 1526 1090 1,
1543 1056 1559 1083 1

963 1105 1131 1136 Servitutis
1147 1105 1343 1142 imperfectae
1358 1113 1487 1142 genera.
1509 1104 1541 1132 ii.
1559 1104 1587 1139 5,
1603 1104 1652 1133 30.
1696 1102 1774 1132 Bel-

1002 1154 1070 1183 licae
1087 1163 1192 1183 causa.
1215 1153 1259 1183 iii.
1276 1154 1303 1189 7,
1319 1154 1347 1189 5,
1364 1155 1380 1181 1

963 1204 1079 1234 Servus
1094 1204 1272 1233 mercedem
1286 1203 1403 1232 laboris
1415 1202 1464 1232 sui
1475 1212 1515 1231 an
1526 1211 1650 1232 sumere
1660 1202 1773 1240 possit.

1002 1255 1046 1284 iii.
1063 1255 1093 1290 7,
1115 1254 1144 1291 6,
1157 1256 1185 1284 4.
1230 1253 1393 1283 Resistere
1414 1262 1454 1282 an
1476 1253 1562 1281 licite
1584 1253 1685 1290 possit
1707 1253 1764 1281 do-

1003 1308 1101 1337 mino.
1123 1307 1165 1337 iii.
1182 1308 1211 1344 7,
1225 1308 1253 1336 7.
1298 1307 1459 1345 Cognosci
1474 1306 1580 1342 debet,
1604 1308 1642 1334 ut
1660 1305 1776 1343 postli-

1005 1358 1102 1387 minio
1124 1357 1306 1396 recipiatur.
1327 1357 1370 1385 iii.
1394 1356 1422 1392 9,
1443 1357 1491 1391 11,
1511 1357 1539 1385 1.
1592 1355 1775 1393 Recipitur,

1005 1408 1128 1436 etiamsi
1145 1407 1287 1435 animum
1310 1415 1360 1434 res
1384 1408 1510 1433 nostras
1532 1405 1686 1442 sequendi
1707 1413 1771 1433 non

1005 1457 1112 1486 habet.
1134 1457 1179 1485 iii.
1203 1456 1234 1490 9,
1257 1458 1306 1492 11,
1322 1458 1350 1484 1.
1387 1455 1586 1485 Mercenario
1608 1462 1776 1492 compara-

1010 1509 1075 1535 tur.
1099 1506 1142 1535 iii.
1158 1507 1205 1542 14,
1220 1507 1250 1540 2,
1265 1507 1283 1534 2

970 1555 1103 1584 Servum
1119 1554 1184 1592 (in)
1200 1554 1323 1592 quidvis
1337 1554 1422 1583 licet.
1445 1554 1488 1584 iii.
1504 1554 1533 1592 7,
1548 1556 1577 1590 3,
1592 1555 1609 1583 1

971 1602 1059 1631 Servi
1078 1602 1193 1630 fratres
1208 1601 1319 1630 nostri.
1341 1601 1384 1630 iii.
1401 1602 1448 1637 14,
1463 1602 1491 1637 2,
1507 1603 1536 1630 3.
1578 1600 1778 1630 Naturaliter

1010 1651 1209 1690 philosophis
1224 1651 1288 1689 qui.
1310 1651 1344 1680 ii.
1360 1652 1408 1687 22,
1429 1652 1478 1681 12.
1514 1651 1568 1679 Ad
1588 1659 1702 1688 operas
1721 1659 1778 1679 ur-

1009 1701 1107 1739 gendi
1134 1701 1309 1730 moderate.
1335 1701 1379 1731 iii.
1403 1702 1451 1736 14,
1474 1701 1503 1736 5,
1529 1702 1556 1729 1.
1602 1700 1675 1735 Quo
1701 1709 1777 1729 casu

1010 1751 1123 1788 fugere
1147 1750 1281 1788 possint.
1303 1750 1336 1780 ii.
1361 1751 1392 1784 5,
1418 1750 1468 1786 29,
1489 1751 1518 1786 2,
1543 1749 1571 1778 81,
1593 1749 1637 1779 iii.
1653 1749 1681 1785 7,
1696 1749 1728 1787 6,
1749 1751 1778 1786 1,

1010 1799 1038 1828 ὅτ,
1054 1799 1075 1828 i.
1100 1801 1129 1836 4,
1145 1800 1173 1835 7,
1189 1801 1217 1828 1.
1260 1799 1450 1837 Transfugae
1470 1799 1669 1836 recipiuntur
1687 1801 1778 1836 post-

1010 1848 1142 1877 liminio.
1166 1848 1208 1878 iii.
1232 1849 1261 1884 9,
1285 1850 1334 1884 11,
1356 1851 1384 1878 1.
1424 1848 1560 1883 Quando
1583 1848 1780 1886 postliminio

1011 1898 1215 1935 recipiantur.
1237 1898 1280 1926 iii.
1295 1898 1326 1934 9,
1342 1899 1391 1934 11,
1406 1898 1435 1926 3.
1473 1897 1579 1926 Etiam
1594 1896 1782 1925 manumissi

1010 1948 1206 1986 postliminio
1237 1948 1445 1986 recipiuntur.
1488 1947 1566 1977 ibid.
1628 1947 1781 1976 Redemti

1013 1997 1099 2034 quod
1110 1997 1165 2035 jus
1180 1997 1266 2035 apud
1281 1998 1456 2026 Romanos.
1478 1997 1521 2025 iii.
1541 1997 1587 2032 14,
1602 1997 1631 2032 5,
1646 1995 1674 2025 δῦ
1688 1997 1736 2032 10,
1752 1998 1782 2026 2.

1012 2046 1174 2075 Dicuntur
1193 2046 1305 2084 populi
1326 2046 1471 2083 subjecti.
1492 2046 1512 2075 i.
1527 2048 1557 2082 3,
1572 2047 1621 2083 12,
1647 2047 1675 2075 1.
1717 2045 1782 2074 Pro

1012 2096 1147 2125 dominis
1162 2097 1294 2126 bellant.
1315 2096 1336 2125 i.
1353 2097 1381 2133 5,
1396 2097 1426 2125 3.
1469 2095 1535 2125 Res
1550 2096 1633 2125 fiunt
1650 2096 1783 2125 domini.

1014 2146 1059 2175 iii.
1075 2146 1104 2182 7,
1121 2148 1151 2181 3,
1167 2148 1185 2175 2

977 2196 1081 2225 Servis
1104 2194 1218 2224 Romae
1240 2195 1358 2225 licebat
1380 2195 1421 2224 ad
1447 2196 1569 2224 statuas
1597 2195 1783 2233 confugere.

1017 2245 1060 2274 iii.
1077 2246 1125 2281 14,
1140 2245 1168 2282 6,
1183 2246 1204 2273 4

978 2295 1076 2324 Servo
1091 2295 1249 2324 Dominus
1263 2303 1334 2332 quae
1353 2296 1506 2332 praestare
1524 2294 1650 2323 debeat.
1671 2293 1715 2323 iii.
1735 2294 1785 2330 14,

1017 2346 1049 2382 5,
1065 2347 1093 2382 1,
1107 2347 1126 2375 3

980 2395 1150 2424 Servorum
1173 2394 1241 2423 nati
1263 2396 1397 2422 matrem
1422 2395 1608 2431 sequuntur.
1636 2393 1679 2422 iii.
1703 2393 1734 2430 7,
1756 2395 1786 2424 2.

1019 2444 1234 2474 Deliberatrix
1247 2443 1383 2472 facultas
1397 2443 1595 2481 imperfecta.
1616 2442 1648 2472 ii.
1658 2442 1706 2479 26,
1715 2444 1745 2479 4,
1754 2445 1784 2472 2.

1019 2494 1093 2524 Filii
1114 2502 1155 2522 an
1182 2493 1372 2522 naturaliter
1392 2491 1486 2527 servi,
1508 2495 1541 2521 et
1563 2494 1732 2530 quatenus.
1754 2492 1787 2523 ii.

1020 2545 1049 2580 5,
1064 2544 1102 2574 29

983 2593 1097 2622 Servos
1112 2590 1180 2629 (in)
1195 2590 1310 2619 lenitas
1326 2590 1515 2619 adhibenda.
1539 2589 1582 2619 iii.
1602 2591 1649 2626 14,
1663 2590 1692 2619 4.
1726 2589 1788 2619 Jus

1021 2641 1095 2670 vitae
1115 2644 1147 2669 et
1166 2640 1252 2669 necis
1271 2640 1303 2668 in
1322 2649 1376 2668 eos
1395 2640 1498 2677 quale.
1519 2639 1562 2668 iii.
1584 2641 1632 2675 14,
1645 2640 1675 2668 3.
1717 2639 1788 2668 Do-

1023 2690 1182 2718 minorum
1204 2689 1306 2727 quale.
1328 2688 1360 2717 ii.
1375 2690 1406 2724 5,
1420 2690 1470 2724 28,
1492 2688 1519 2717 ὅτι
1541 2690 1571 2725 3,
1587 2689 1617 2724 7,
1630 2689 1659 2724 3,
1674 2687 1702 2717 a
1718 2697 1790 2726 cap.

1024 2740 1075 2774 14,
1090 2740 1118 2775 3,
1136 2740 1154 2767 1

985 2789 1098 2818 Servos
1107 2787 1311 2816 Romanalex
1318 2786 1402 2816 bello
1413 2787 1552 2816 arcebat.
1560 2787 1580 2815 i.
1591 2787 1619 2823 5,
1629 2788 1657 2815 4.
1669 2785 1789 2824 (circa)

1024 2839 1220 2868 Francorum
1232 2837 1287 2875 jus
1301 2840 1333 2866 et
1349 2837 1570 2866 Hebraeorum.
1594 2837 1638 2866 iii.
1652 2837 1680 2873 7,
1694 2838 1714 2866 8

986 2889 1144 2920 Severitas
1163 2887 1331 2916 laudabilis
1352 2887 1427 2922 Dei,
1456 2887 1566 2924 Mosis,
1594 2887 1727 2922 Christi,
1757 2889 1791 2916 et

1024 2938 1269 2976 Apostolorum.
1290 2937 1310 2966 i.
1325 2938 1353 2974 2,
1367 2938 1396 2974 8,
1411 2938 1448 2966 11
