2003 3262
404 337 722 382 VOLUMINE
761 334 980 377 TERTIO
1021 330 1408 374 CONTINETUR

635 442 845 481 LIBER
877 437 1184 479 TERTIUS.

245 565 276 600 I.
401 563 605 607 Quantum
634 560 674 597 in
700 559 809 597 Bello
837 558 960 604 liceat,
989 556 1129 606 regulae
1158 553 1348 605 generales
1368 564 1414 588 ex
1434 551 1527 588 Jure

458 631 643 667 Naturae:
674 627 742 665 ubi
762 631 800 665 et
819 627 865 664 de
885 626 981 663 dolis
1001 630 1039 662 et
1058 622 1255 661 mendacio
1641 619 1657 654 1

234 702 289 739 ΙΙ.
406 698 613 744 Quomodo
628 697 654 734 J
658 710 723 733 ure
739 695 926 733 Gentium
944 695 1045 731 bona
1059 691 1301 730 subditorum
1317 703 1386 740 pro
1403 688 1530 726 debito

455 766 729 817 imperantium
749 764 985 814 obligentur:
1017 761 1151 799 ubi-de
1172 758 1421 808 Repressaliis
1469 787 1477 794 .
1615 757 1661 793 41

221 840 300 877 III.
404 838 466 875 De
495 836 606 874 Bello
634 835 749 872 Justo
779 833 858 870 sive
887 830 1031 870 solenni
1052 831 1139 879 jure
1163 827 1359 878 gentium:
1391 825 1456 863 ubi
1490 826 1535 863 de

456 904 671 944 Indictione
1616 893 1668 931 53

231 978 306 1016 IV,
410 977 470 1013 De
490 976 577 1025 jure
595 971 846 1011 interficiendi
866 971 992 1007 hostes
1017 969 1057 1006 in
1077 967 1186 1005 Bello
1213 964 1368 1007 solenni,
1397 968 1435 1001 et
1463 962 1538 1000 alia

458 1045 497 1082 vi
516 1045 555 1081 in
576 1055 714 1093 corpus
1620 1032 1670 1074 70

241 1118 292 1154 V.
409 1116 470 1153 De
489 1115 600 1151 rebus
620 1111 818 1150 vastandis
838 1108 1117 1159 eripiendisque
1619 1099 1670 1143 97

234 1186 309 1223 VI.
412 1186 473 1222 De
492 1184 518 1221 J
520 1197 586 1221 ure
606 1181 825 1232 acquirendi
846 1179 954 1218 Bello
975 1183 1089 1228 capta
1596 1171 1670 1208 105

217 1256 253 1290 V
261 1255 315 1292 ΙΙ.
409 1254 470 1291 De
489 1253 584 1290 Jure
603 1251 642 1288 in
664 1250 852 1300 Captivos
926 1277 934 1286 .
1529 1270 1536 1277 .
1598 1237 1672 1275 148

209 1322 247 1359 N
253 1323 332 1361 [II.
413 1322 474 1360 De
492 1320 652 1371 imperio
672 1319 711 1356 in
732 1318 869 1355 Victos
1599 1308 1667 1344 161

229 1393 306 1430 ΙΧ.
409 1390 469 1428 Ι)6
489 1388 733 1428 Postliminio
803 1417 812 1426 ‚
926 1416 933 1423 .
1047 1414 1055 1422 .
1169 1413 1177 1420 .
1290 1412 1297 1419 .
1530 1409 1537 1415 .
1598 1376 1674 1421 167

238 1461 292 1498 X.
415 1458 566 1496 Monita
587 1458 632 1495 de
651 1456 723 1504 his,
754 1470 838 1505 quae
859 1455 958 1492 fiunt
979 1453 1018 1490 in
1039 1452 1148 1490 Bello
1169 1451 1313 1500 injusto
1598 1446 1673 1483 188

230 1530 308 1568 XI.
415 1529 775 1578 Temperamentum
791 1525 888 1561 circa
903 1525 968 1574 jus
984 1520 1235 1560 interficiendi
1255 1520 1294 1557 in
1310 1519 1419 1556 Bello
1433 1518 1541 1567 justo
1598 1514 1673 1552 196

221 1599 325 1637 XII.
417 1598 779 1647 Temperamentum
800 1593 898 1630 circa
917 1591 1170 1629 vastationem
1191 1593 1228 1626 et
1248 1587 1388 1625 similia
1448 1615 1456 1623 .
1595 1583 1671 1620 229

212 1668 338 1706 XIII.
414 1667 773 1715 Temperamentum
796 1661 894 1698 circa
913 1674 970 1697 res
990 1660 1135 1708 Captas
1596 1651 1674 1689 248

215 1736 335 1774 XIV
419 1735 781 1783 Temperamentum
802 1728 900 1766 circa
921 1728 1067 1776 Captos
1096 1755 1104 1762 .
1596 1718 1674 1756 254

225 1805 322 1842 XV.
422 1804 782 1850 Temperamentum
805 1796 902 1833 circa
923 1792 1211 1843 acquisitionem
1232 1789 1381 1840 imperii
1597 1787 1674 1824 269

215 1873 298 1912 XV
305 1873 338 1910 I
423 1872 783 1920 Tcmperamentum
803 1865 902 1901 circa
920 1876 975 1908 ca,
999 1875 1085 1912 quae
1106 1861 1131 1897 J
1135 1874 1200 1897 ure
1222 1858 1406 1897 Gentium
1430 1858 1543 1894 Post-

470 1936 617 1974 liminio
638 1938 765 1972 carent
858 1962 865 1970 .
978 1961 986 1968 .
1097 1959 1105 1966 .
1599 1925 1673 1962 281

205 2009 351 2049 XVII.
424 2008 484 2044 De
504 2006 563 2043 his
583 2004 649 2055 qui
671 2004 710 2040 in
730 2001 838 2039 Bello
858 1999 973 2036 medii
993 2002 1083 2036 sunt
1152 2027 1159 2034 .
1272 2026 1279 2033 .
1601 1992 1679 2029 288

193 2078 363 2116 XVIII.
424 2077 482 2113 De
501 2074 560 2111 his
580 2086 665 2123 quae
687 2072 725 2108 in
746 2069 855 2108 Bello
875 2067 1029 2119 publico
1050 2065 1230 2116 privatim
1251 2064 1350 2101 fiunt
1602 2062 1680 2099 296

222 2147 345 2185 XIX.
425 2145 484 2181 De
505 2143 599 2180 Fide
621 2141 719 2178 inter
740 2140 884 2177 Hostes
1512 2162 1519 2169 .
1602 2131 1681 2168 302

229 2217 328 2254 XX.
425 2214 485 2251 Dc
505 2213 600 2250 Fide
619 2210 773 2260 publica
802 2221 878 2258 qua
907 2205 1060 2244 Bellum
1090 2203 1245 2240 finitur.
1273 2164 1343 2239 iibi
1374 2163 1420 2238 (16
1446 2201 1549 2250 pacis

474 2281 661 2332 pactione,
683 2279 729 2316 de
747 2282 859 2324 sorte,
881 2277 927 2313 de
946 2273 1150 2312 certamine
1170 2272 1356 2319 condicto,
1387 2272 1432 2308 de
1451 2270 1550 2308 arbi-

477 2350 564 2397 trio,
595 2348 798 2394 deditione,
829 2344 1039 2390 obsidibus,
1070 2341 1295 2392 pignoribus
1343 2370 1351 2378 .
1607 2338 1685 2375 320

227 2422 350 2460 XXI.
430 2420 491 2457 De
512 2418 606 2456 Fide
626 2420 802 2454 manente
823 2414 945 2461 Bello,
975 2412 1043 2450 ubi
1063 2411 1108 2448 dc
1127 2410 1303 2458 induciis,
1323 2412 1551 2455 commeatu,

484 2488 725 2538 captivorum
746 2484 977 2523 redemtione
1035 2511 1042 2519 .
1159 2509 1166 2517 .
1279 2510 1286 2516 .
1609 2476 1687 2513 363

213 2560 361 2598 XXII.
434 2558 493 2595 De
514 2557 607 2594 Fide
626 2556 817 2593 minorum
839 2554 1081 2590 Potestatum
1102 2551 1138 2587 in
1162 2549 1271 2587 Bello
1346 2579 1353 2585 .
1609 2546 1688 2583 383

203 2627 375 2667 XXIII.
432 2626 493 2662 De
513 2624 608 2662 Fide
628 2623 786 2660 Privata
806 2622 844 2658 in
865 2620 975 2658 Bello
1041 2650 1048 2656 .
1610 2614 1689 2651 392

205 2695 372 2734 XXIV.
430 2693 490 2730 De
511 2691 605 2729 Fide
623 2691 758 2728 Tacita
1611 2682 1690 2719 400

220 2764 362 2803 XXV.
433 2760 649 2806 Conclusio,
671 2772 757 2795 cum
777 2757 933 2795 monitis
954 2757 1002 2794 ad
1022 2756 1137 2793 fidem
1158 2759 1195 2792 et
1215 2766 1347 2804 pacem
1400 2783 1407 2790 .
1612 2751 1689 2788 404

438 2864 562 2901 Index
584 2874 708 2899 rerum
728 2860 1023 2910 praecipuarum3
1045 2871 1087 2894 ac
1108 2856 1312 2894 verborum
1348 2885 1356 2892 .
1613 2852 1686 2889 411

440 2932 563 2969 Index
585 2930 836 2979 Scriptorum,
856 2932 925 2964 etc.
1615 2921 1692 2957 442

444 3001 682 3049 Conspectus
703 2996 931 3035 Editionum
990 3024 997 3031 .
1615 2988 1690 3025 445
