1971 3326
135 2329 192 2354 Lib.
206 2330 261 2353 xiv.
276 2336 302 2354 v.

136 2362 188 2390 169,
200 2362 224 2386 et
234 2367 301 2391 seqq.

919 377 1111 420 CAPUT
1146 377 1267 419 XIX.

767 490 836 526 DE
867 489 989 525 FIDE
1021 490 1181 526 INTER
1212 487 1425 525 HOSTES.

421 597 451 632 Ι.
528 594 654 630 Fidem
678 592 794 628 deberi
813 592 965 626 hostibus
982 591 1061 638 qui-
1156 591 1262 626 VIII.
1303 590 1355 625 Et
1392 587 1587 624 ostenditur
1622 588 1714 623 talia
1744 599 1832 634 pro-

529 652 655 687 busvz's.
1299 648 1408 682 missa
1425 646 1579 694 firmari
1602 645 1754 680 civitatis
1769 646 1832 692 ju-

411 711 462 746 11.
525 709 722 755 Refellitur
760 706 942 747 sententia,
979 717 1060 751 quoe
1301 704 1522 752 rejurctndo:

521 767 754 814 proedonibus
771 771 801 799 et
823 763 989 810 tyrannis
1011 765 1060 810 fi·
1175 763 1245 799 IX,
1299 762 1377 797 Aut
1393 762 1423 796 si
1440 761 1563 795 tertius
1579 771 1612 795 se
1628 760 1832 805 interponat

528 826 606 859 dem
623 823 837 858 servandum
857 827 974 866 πίεραι.
1300 820 1357 854 cui
1371 819 1443 865 flat
1458 818 1661 864 promissio.

402 884 471 918 III.
523 881 684 917 Solvitur
697 885 947 925 aryumentum
964 890 1061 912 sum-
1185 877 1235 912 X.
1299 877 1457 911 Mutatio
1475 881 1587 910 status
1599 874 1735 921 publici
1748 886 1832 921 quo-

527 946 604 974 tum
629 950 670 973 em
695 950 731 972 eo
758 937 853 983 quod
878 936 963 970 tales
981 947 1059 980 poe-
1299 934 1401 967 modo
1414 934 1498 979 fiat.

527 1008 615 1030 num
638 1000 829 1035 merentur,
854 999 884 1027 et
910 993 1058 1026 ostendi-
1174 991 1245 1026 XI.
1298 991 1416 1025 flletus
1441 989 1671 1034 exceptionem
1695 989 1746 1023 acl
1764 989 1830 1023 bel-

527 1060 588 1087 tur
601 1053 661 1087 hoe
675 1063 747 1086 non
764 1050 983 1085 considerari
1000 1050 1061 1083 ubi
1302 1048 1377 1082 lum
1396 1047 1533 1082 solenne
1549 1047 1647 1093 juris
1674 1047 1832 1092 yentium

527 1117 703 1155 tanquam
732 1119 812 1143 cum
842 1107 910 1142 tati
940 1112 1061 1141 actum
1300 1116 1373 1140 non
1392 1105 1593 1150 pertinere.-

526 1173 584 1202 est.
1166 1162 1256 1197 XII.
1304 1162 1410 1205 Quod
1425 1161 1690 1206 intelliyendum
1706 1160 1747 1194 cle
1763 1172 1832 1196 me-

401 1227 468 1261 IV.
530 1225 615 1259 Non
631 1224 767 1258 obstare
787 1222 883 1269 quod
900 1221 1058 1267 promis-
1302 1226 1341 1254 tu
1369 1220 1435 1253 tali
1464 1229 1566 1264 quem
1585 1219 1648 1265 jus
1674 1218 1833 1263 yentium

527 1283 578 1317 sio
605 1287 699 1315 metu
724 1286 862 1315 extorta
891 1280 947 1319 sit,
975 1280 1006 1313 sz'
1030 1279 1061 1314 ei
1300 1282 1481 1323 aqnoscat.

528 1340 590 1386 qui
605 1339 773 1385 promisit
797 1344 908 1372 metus
934 1337 1059 1371 iltutus
1156 1335 1267 1370 XIII.
1302 1334 1528 1370 Servandam
1553 1333 1665 1379 fldem
1693 1338 1724 1367 et
1745 1343 1832 1378 per-

527 1409 600 1431 nen
616 1397 660 1430 sit
673 1408 684 1429 .·
1291 1393 1380 1440 fidis
1391 1404 1402 1425 .·

409 1455 456 1489 V.
524 1454 601 1489 Aut
629 1453 659 1487 si
675 1453 924 1499 juramentum
947 1462 1059 1485 acces·
1154 1449 1261 1485 XIV.
1301 1450 1386 1484 Non
1417 1448 1448 1482 si
1485 1447 1636 1482 conditio
1669 1447 1830 1493 deficiat.-

524 1512 618 1552 serz't,
639 1520 858 1556 quamquam
875 1508 914 1541 id
933 1509 1059 1542 adver·
1300 1507 1395 1552 quod
1412 1506 1526 1539 locum
1547 1505 1670 1538 habere
1690 1505 1721 1539 si
1741 1504 1832 1538 alter

526 1580 584 1604 sus
638 1567 848 1613 proedonem
902 1565 1059 1611 impune,
1294 1564 1400 1609 parti
1414 1567 1607 1607 pactorum
1627 1573 1699 1596 non
1714 1567 1788 1596 stet.

527 1626 622 1672 quod
645 1624 798 1658 homines
824 1623 959 1664 attinet,
984 1623 1057 1656 vio-
1168 1621 1255 1656 XV.
1300 1622 1372 1655 Nec
1401 1622 1431 1655 si
1460 1619 1563 1665 justa
1596 1618 1829 1665 compensatio

528 1684 638 1717 latur.
1298 1682 1501 1724 opponatur
1515 1688 1525 1708 .·

399 1742 465 1775 VI.
527 1741 668 1774 Eadem
689 1743 817 1784 aptata
837 1737 886 1770 ad
902 1736 1057 1771 subditos
1153 1735 1260 1771 XVI.
1303 1734 1475 1778 Quamvis
1501 1744 1542 1767 ex
1569 1734 1641 1769 atio
1664 1741 1826 1770 contrae-

527 1797 701 1831 bellantes.
1299 1798 1338 1826 tu
1352 1805 1362 1825 :

392 1854 479 1888 VII.
526 1853 697 1898 Speeiulz's
734 1850 922 1897 difficultas
959 1849 1055 1884 circa
1142 1848 1270 1883 XVII.
1295 1848 1371 1883 Aut
1388 1850 1520 1886 damno
1541 1853 1636 1886 dato.

522 1910 700 1955 promissa
748 1907 894 1941 subditis
933 1908 1056 1950 flictu,
1135 1906 1282 1940 XVIII.
1298 1906 1377 1940 Imo
1399 1913 1429 1942 et
1448 1919 1489 1943 ex
1503 1921 1614 1954 poena
1628 1920 1639 1941 .·

525 1968 565 2001 ob
578 1964 836 2011 supereminens
847 1963 1056 2003 dominium,
1153 1962 1262 1997 XIX.
1301 1963 1482 2006 Quomodo
1509 1967 1582 2001 liceo
1607 1966 1647 2000 in
1674 1963 1759 1998 bello
1777 1964 1828 1998 Zo-

526 2028 707 2058 tructutur
718 2033 729 2054 .·
1298 2032 1378 2055 cum
1395 2022 1556 2058 habeant.

354 2136 388 2176 I.
439 2135 463 2175 1
494 2134 682 2254 QUID
727 2135 1010 2187 quantumque
1055 2129 1098 2171 in
1134 2129 1239 2172 bello
1285 2130 1420 2182 liceat,
1461 2133 1636 2176 diximus
1673 2132 1824 2189 partim

611 2197 721 2240 nude
767 2195 958 2252 spectari,
1004 2195 1157 2251 partim
1197 2211 1249 2237 ex
1294 2198 1494 2253 promisso
1541 2200 1824 2242 antecedente.

352 2267 481 2308 Parte
499 2265 636 2322 priore
657 2262 856 2311 absoluta,
881 2266 1015 2303 restat
1034 2261 1251 2318 posterior,
1275 2277 1368 2318 quae
1390 2270 1452 2306 est
1473 2265 1525 2307 de
1548 2265 1629 2307 fide
1647 2264 1825 2306 hostium

352 2332 462 2375 inter
482 2345 539 2375 se.
610 2328 841 2387 Egregium
865 2333 928 2369 est
951 2326 1126 2369 consulis
1149 2328 1328 2370 Romani
1354 2329 1443 2371 Silii
1467 2330 1599 2372 Italici
1623 2330 1804 2372 dictum:

619 2520 802 2555 CHAPTER
827 2519 937 2554 XIX.
1004 2519 1064 2564 Of
1079 2520 1190 2554 Faith
1214 2521 1358 2555 between
1382 2519 1554 2554 Enemies.

430 2610 462 2645 I.
526 2613 544 2644 1
586 2609 700 2644 What
717 2609 747 2644 is
768 2608 894 2643 lawful
911 2609 949 2642 in
966 2619 1052 2650 war,
1074 2609 1147 2643 and
1164 2613 1204 2644 to
1225 2609 1325 2644 what
1341 2612 1480 2649 extent,
1498 2619 1552 2642 we
1568 2607 1664 2642 have
1680 2606 1771 2648 said,
1792 2606 1823 2641 is

354 2670 394 2701 to
424 2667 473 2702 be
500 2666 729 2708 considered,
760 2666 883 2712 partly
908 2665 1128 2712 absolutely,
1157 2666 1282 2712 partly
1309 2665 1399 2700 with
1426 2665 1618 2700 reference
1645 2667 1684 2698 to
1715 2667 1821 2698 ante-

354 2724 490 2758 cedent
506 2724 677 2769 promise.
729 2723 876 2768 Having
891 2722 1050 2757 finished
1066 2723 1130 2757 the
1144 2723 1283 2757 former
1302 2726 1388 2768 part
1401 2722 1444 2756 of
1457 2721 1521 2756 the
1536 2721 1690 2766 subject,
1714 2720 1822 2754 there

353 2781 514 2814 remains
531 2780 596 2815 the
613 2781 736 2821 latter,
761 2780 910 2825 namely
926 2779 990 2814 the
1008 2780 1179 2825 question
1196 2779 1239 2813 of
1260 2779 1325 2814 the
1341 2778 1438 2813 saith
1455 2778 1498 2812 of
1511 2777 1674 2813 enemies
1691 2780 1731 2811 to
1749 2786 1821 2810 one

355 2836 523 2870 another.
586 2837 667 2871 The
693 2837 775 2871 rule
805 2837 848 2871 of
877 2837 1040 2882 keeping
1070 2836 1161 2871 such
1188 2836 1284 2870 faith
1309 2835 1497 2877 inviolate,
1538 2835 1569 2870 is
1600 2832 1748 2880 praised
1770 2831 1821 2877 by

356 2890 469 2924 Silius
490 2892 654 2934 Italicus,
679 2893 906 2938 Xenophon,
928 2892 1122 2934 Aristides,
1148 2893 1292 2927 Cicero.

427 2950 449 2978 2
488 2947 621 2980 Public
637 2948 745 2989 faith,
770 2960 809 2982 as
830 2949 894 2982 the
909 2948 1011 2982 elder
1026 2949 1235 2989 Quintilian
1248 2958 1341 2993 says,
1362 2947 1490 2982 makes
1507 2949 1630 2980 truces
1650 2944 1820 2980 between
