2003 3262
488 337 890 392 HUGONIS

958 337 1266 392 GROTII

161 476 289 529 DE
365 474 613 529 JURE
692 476 1009 529 BELLI
1081 477 1204 530 AC
1279 479 1584 533 PAOLS

570 617 794 665 LIBER
841 619 1170 668 TERTIUS

741 782 935 825 CAPUT
972 783 1005 825 Ι.

129 885 388 928 QUANTUM
418 884 475 919 IN
506 884 672 920 BELLO
704 885 901 927 LICEAT,
937 886 1164 921 REGULAE
1204 886 1509 923 GENERALES
1541 891 1612 924 EX

197 944 329 979 JURE
361 942 615 978 NATURAE:
648 943 738 978 UBI
769 943 834 977 ET
865 944 934 978 DE
966 944 1119 979 DOLIS
1151 945 1217 979 ET
1248 945 1530 982 MENDACIO.

194 1047 224 1082 I.
304 1045 404 1081 Ordo
424 1046 650 1091 sequentium.

185 1104 235 1140 II.
298 1104 442 1149 Regula
465 1104 615 1149 prima.-
658 1103 758 1139 licere
795 1105 835 1138 in

301 1162 386 1196 bello
420 1173 500 1207 quoe
533 1162 584 1195 aol
605 1162 720 1208 finem
751 1168 834 1196 sunt

299 1219 498 1254 necessaria
512 1232 523 1253 .·
549 1219 760 1265 eoeplicatur.

174 1278 244 1313 III.
303 1276 491 1312 Secunda:
513 1278 576 1323 jus
597 1289 669 1311 non
691 1283 834 1311 tantum

301 1347 342 1370 eae
361 1335 557 1380 principio,
585 1336 645 1369 secl
664 1341 694 1370 et
718 1335 834 1370 causis

298 1393 338 1426 in
349 1393 434 1427 bello
447 1393 731 1428 subnascentibus
741 1405 833 1439 spec-

300 1450 385 1485 tari.

173 1508 240 1544 IV.
306 1509 452 1543 Tertia.-
479 1509 646 1554 quaedam
671 1508 833 1554 consequi

298 1566 371 1601 sine
398 1566 538 1613 injuria
570 1578 650 1612 quoe
679 1578 720 1600 eat
745 1578 832 1612 pro-

293 1624 410 1670 posito
451 1635 526 1658 non
564 1624 727 1659 licerent.-
775 1624 833 1658 cui

300 1682 418 1716 cautio
439 1682 600 1716 additur.

183 1738 230 1774 V.
304 1739 403 1782 Quid
423 1739 524 1774 liceat
544 1739 583 1772 in
604 1750 657 1773 eos
678 1739 739 1784 qui
756 1739 831 1773 hos-

299 1797 390 1832 tibus
444 1808 498 1831 res
548 1796 832 1836 subministrant,

294 1866 363 1900 per
402 1853 639 1888 distinctiones
675 1852 830 1897 eoeplica-

299 1918 368 1946 tur.

171 1969 236 2004 VI.
299 1968 362 2002 An
379 1969 458 2002 dolo
479 1968 534 2002 uti
550 1967 588 2001 in
607 1967 691 2001 bello
714 1968 825 2002 liceat.

163 2027 251 2061 VII.
295 2025 414 2060 Dolus
431 2025 470 2059 in
487 2031 570 2060 actu
585 2025 746 2070 ozeyativo
763 2036 830 2070 per

296 2095 329 2117 se
346 2095 418 2117 non
434 2089 481 2117 est
497 2082 652 2117 illicitus.

297 2140 416 2175 Dolus
432 2140 472 2174 in
489 2146 571 2174 actu
584 2139 735 2185 positivo
757 2139 828 2173 olis-

296 2198 475 2244 tinyuitur
487 2198 526 2232 in
538 2209 618 2232 eum
634 2197 695 2242 qui
704 2198 751 2244 fit
762 2208 830 2242 per

297 2261 397 2291 actus
415 2255 518 2290 libere
534 2255 782 2301 siyniflcantes,
799 2260 829 2288 et

293 2325 361 2359 per
374 2319 473 2347 actus
485 2313 724 2359 siynificantes
737 2311 829 2345 velut

295 2382 336 2405 ex
352 2371 595 2405 conventione:
624 2375 654 2403 et
680 2369 828 2403 ostendi-

299 2434 360 2462 tur
382 2428 504 2462 dolum
529 2427 668 2473 prioris
693 2426 829 2472 yeneris

298 2485 435 2519 licitum
455 2497 533 2520 esse.

171 2542 243 2577 IX.
295 2542 344 2575 In
368 2543 516 2576 secundo
540 2553 662 2587 yenere
689 2541 828 2575 indica-

299 2604 360 2633 tur
377 2599 579 2644 quoestionis
599 2599 797 2644 difficultas.

181 2656 231 2691 X.
295 2656 380 2690 Non
400 2667 537 2690 omnem
561 2656 830 2701 usurpationem

299 2713 482 2748 locutionis
508 2724 587 2758 quoe
616 2713 753 2746 sciatur
788 2712 828 2746 in

298 2771 414 2805 alium
446 2782 584 2805 sensum
613 2769 830 2815 accipienda,

298 2840 365 2862 esse
385 2828 560 2862 illicitam.

172 2885 243 2920 XI.
297 2885 482 2920 Mendacii
506 2897 578 2930 qua
602 2884 765 2918 illicitum
783 2888 830 2916 est

287 2943 459 2988 sormam
490 2942 672 2976 consistere
704 2940 744 2974 in
774 2951 828 2974 re-

150 2141 257 2176 VIII.

262 3039 418 3096 [cmo'r.
440 3041 522 3098 ιιι]

1074 1048 1284 1093 pugnantia
1309 1059 1390 1082 cum
1415 1050 1499 1096 jure
1528 1050 1612 1084 alte-

1080 1105 1168 1147 rius,
1186 1106 1280 1150 quod
1295 1106 1505 1151 explicatur.

946 1162 1035 1196 XII.
1081 1163 1134 1196 Et
1159 1164 1355 1197 ostenditur
1385 1165 1522 1198 licitum
1547 1177 1612 1199 esse

1070 1221 1218 1266 falsum
1242 1221 1339 1266 loqui
1359 1223 1460 1267 apucl
1485 1224 1609 1269 infan-

1082 1284 1128 1312 tes
1145 1284 1175 1313 et
1192 1285 1344 1313 amentes
1355 1292 1365 1312 .·

934 1336 1044 1370 XIII.
1078 1336 1131 1370 Et
1167 1348 1247 1370 cum
1286 1337 1316 1370 is
1349 1337 1524 1383 decipitur
1563 1339 1613 1372 acl

1081 1405 1179 1438 quenz
1193 1406 1304 1428 sermo
1315 1406 1387 1429 non
1400 1401 1457 1436 est,
1467 1401 1497 1429 et
1511 1408 1611 1441 quem

1079 1457 1181 1485 extra
1193 1463 1385 1487 sermonem
1398 1453 1551 1499 decipere
1569 1454 1609 1487 li-

1080 1516 1188 1543 ceret:

1081 1567 1133 1601 Et
1155 1579 1234 1601 cum
1254 1579 1366 1602 sermo
1387 1574 1435 1602 est
1456 1569 1506 1603 ad
1530 1580 1608 1604 eum

1079 1625 1141 1669 qui
1158 1625 1237 1659 velit
1257 1625 1309 1659 ita
1330 1626 1463 1671 decipi:

948 1680 1035 1715 XV.
1082 1682 1135 1715 Et
1152 1694 1233 1716 cum
1246 1683 1308 1727 qui
1321 1683 1478 1727 loquitur
1493 1683 1609 1717 utitur

1069 1739 1154 1784 jure
1183 1740 1456 1784 supereminente
1479 1741 1520 1774 in
1543 1741 1609 1775 sibi

1077 1796 1256 1830 subditum
1272 1808 1283 1829 .·

932 1851 1039 1887 XVI.
1078 1852 1186 1886 Forte
1210 1859 1241 1887 et
1266 1865 1348 1888 cum
1370 1854 1481 1887 vitam
1502 1855 1605 1888 inno-

1078 1910 1184 1944 centis
1197 1916 1261 1944 aut
1274 1922 1349 1956 par
1362 1910 1502 1956 aliquid
1518 1912 1609 1946 tueri

1077 1967 1182 2001 aliter
1199 1979 1271 2001 non
1287 1979 1487 2013 possumus.

922 2024 1049 2058 XVII.
1075 2023 1191 2070 Apuol
1210 2026 1317 2059 hostes
1338 2025 1474 2059 licitum
1494 2026 1607 2073 falsi-

1077 2082 1236 2128 loquium
1257 2083 1318 2128 qui
1338 2084 1505 2117 senserint
1522 2095 1607 2117 auc-

1075 2145 1176 2174 tores.

912 2197 1060 2232 XVIII.
1077 2197 1161 2231 Non
1190 2199 1443 2232 extendendum
1473 2199 1534 2233 hoc
1559 2198 1609 2232 aol

1076 2255 1182 2289 verba
1198 2256 1456 2300 promittentia.

930 2312 1040 2347 XIX.
1075 2312 1148 2346 Nec
1169 2313 1452 2359 adjuramenta.

940 2369 1029 2404 XX.
1079 2369 1289 2404 Generosius
1311 2376 1429 2405 tamen
1458 2383 1534 2412 esse,
1564 2383 1606 2405 ac

1076 2426 1289 2462 C'lcristianoe
1295 2428 1516 2473 simplicitati
1526 2440 1606 2462 con-

1075 2484 1277 2525 venientius,
1313 2486 1531 2530 falsiloquio
1567 2486 1606 2518 in

1074 2542 1202 2575 hostem
1238 2553 1372 2587 quoque
1407 2543 1577 2576 abstinere
1592 2555 1604 2575 :

1073 2599 1169 2643 quool
1188 2610 1256 2644 per
1281 2599 1416 2633 similia
1440 2599 1604 2633 illustra-

1075 2661 1146 2689 tur.

925 2711 1035 2746 XXI.
1069 2713 1153 2746 Non
1171 2712 1271 2746 licere
1287 2713 1385 2746 nobis
1402 2725 1603 2759 quenquam

1073 2769 1248 2813 impellere
1268 2770 1319 2803 acl
1338 2770 1377 2804 iol
1393 2771 1488 2816 quool
1506 2771 1602 2806 nobis

934 1566 1041 1602 XIV.

1074 2825 1160 2866 licet,
1177 2826 1247 2871 ipsi
1262 2838 1334 2860 non
1352 2827 1438 2862 licet.

919 2882 1049 2916 XXII.
1072 2882 1196 2917 Licere
1214 2889 1331 2919 tamen
1348 2886 1402 2920 uti
1422 2896 1530 2930 opera
1547 2885 1599 2919 ul-

1072 2945 1127 2973 tro
1144 2940 1273 2976 oblata.

1444 3009 1466 3047 1
