1971 3326
261 151 286 189 8
609 156 864 198 QUANTUM
895 156 951 190 IN
982 154 1147 189 BELLO
1178 152 1373 195 LICEAT,
1554 149 1649 197 [Lm.
1667 152 1738 186 ΙΙΙ.

265 266 431 307 modum
457 280 524 307 res
546 279 708 322 quoque
733 265 819 321 ejus
844 263 946 320 capi,
973 269 1015 305 et
1040 262 1261 304 dominium
1285 277 1427 304 earum
1452 261 1579 304 debiti
1603 275 1742 302 conse-

266 332 418 388 quendi
443 347 565 374 causa
587 332 717 388 quaeri
742 331 908 387 poterit.
981 329 1025 371 Si
1047 329 1241 370 damnum
1266 328 1447 369 nondum
1471 327 1645 375 dederit,
1669 327 1742 368 sed

43 412 151 447 siu-,in
168 413 244 451 Vqr-b·
267 400 369 441 dare
394 399 584 449 voluerit,
612 398 681 454 jus
705 398 785 439 erit
808 411 948 438 rerum
980 394 1211 436 retentione
1236 409 1329 435 eum
1360 408 1511 450 cogere
1533 399 1580 435 ut
1604 394 1657 435 de
1680 393 1744 434 fu-

47 444 219 506 {gd-12³·
268 471 362 508 turo
399 471 546 508 caveat
581 464 802 512 obsidibus,
836 461 1091 519 pignoribus,
1128 466 1200 501 aut
1235 459 1316 501 alio
1348 460 1482 501 modo.
1556 459 1677 509 Quod
1710 459 1744 500 si

268 537 476 588 praeterea
512 530 819 573 evidentissima
842 528 898 569 si:
930 526 1060 568 hostis
1083 525 1163 567 mei
1198 526 1241 567 in
1266 540 1331 567 me
1362 525 1575 582 injustitia,
1610 530 1652 567 et
1675 524 1744 566 ille

270 613 363 640 eum
395 598 437 638 in
462 597 567 639 bello
603 594 854 651 iniquissimo
887 594 1114 642 confirmet,
1136 592 1223 649 jam
1260 607 1341 634 non
1370 598 1534 634 tantum
1569 591 1746 634 civiliter

330 721 343 736 e
364 716 508 745 Publieoe
521 714 766 754 siyng'ficatz‘ones
777 712 871 752 fieri]
895 713 977 742 Vide

271 766 417 803 exempla
426 767 457 794 in
468 766 552 796 bello
562 765 722 794 communi
731 769 843 793 contra
851 763 977 802 AEgyp-

273 817 697 854 tios,Saracenos‚aliosque,
705 825 730 844 c.
741 816 799 844 ult.
813 815 850 844 de
860 815 977 844 Trans-

272 867 456 903 actionibus,
472 876 498 895 c.
515 866 715 904 significavit,
734 874 771 894 11.
788 865 826 894 de
839 864 974 894 Judoez‘s.

273 917 513 954 Extravagante
528 915 564 944 de
579 915 715 951 Judoeis,
737 924 766 945 c.
781 914 936 952 copiosus,
953 922 975 941 1.

273 967 370 996 Liber
393 966 581 995 Consulatus
603 965 702 994 maris
727 964 830 994 editus
849 967 897 992 est
917 963 979 992 lin-

274 1027 339 1056 gua
362 1017 483 1054 Italica,
505 1017 537 1044 in
561 1025 654 1054 quem
678 1015 787 1044 relatae
808 1017 883 1043 sunt
903 1023 979 1043 con-

275 1067 458 1096 stitutiones
482 1067 715 1104 Imperatorum
738 1065 880 1100 Graeciae,
902 1064 980 1093 Ale-

275 1118 399 1154 maniae,
428 1126 541 1155 regum
569 1117 776 1151 Francorum,
806 1114 979 1152 Hispaniae,

277 1168 384 1207 Syriae,
416 1167 523 1206 Cypri,
552 1167 742 1201 Balearium‚
772 1166 982 1201 Venetorum,

280 1218 508 1253 Genuensium,
521 1216 609 1255 cujus
624 1215 696 1244 libri
712 1215 806 1244 titulo
817 1222 982 1244 conxxw.

278 1270 459 1297 tractantur
482 1267 576 1305 hujus
595 1266 722 1305 generis
742 1265 982 1294 controversiae:

279 1328 316 1347 ac
338 1318 382 1346 sic
406 1317 565 1353 definitur,
595 1317 620 1345 si
643 1319 674 1345 et
695 1316 781 1344 navis
807 1318 839 1344 et
864 1324 984 1344 merces

280 1368 418 1397 hostium
441 1368 515 1404 sint,
537 1376 603 1396 rem
627 1376 694 1395 esse
715 1366 747 1394 in
770 1368 892 1404 aperto,
917 1364 984 1393 fieri

281 1428 318 1447 ea
340 1417 551 1456 capientium:
573 1417 599 1445 si
613 1425 687 1446 vero
709 1416 796 1444 navis
812 1416 853 1444 sit
874 1423 984 1454 pacem

281 1466 464 1501 colentium,
486 1473 607 1493 merces
622 1467 728 1493 autem
744 1463 894 1499 hostium,
914 1462 986 1500 cogi

282 1525 375 1554 posse
391 1517 430 1544 ab
445 1516 492 1543 his
508 1515 562 1553 qui
581 1515 699 1544 bellum
715 1516 839 1552 gerant,
860 1521 986 1548 navem,

284 1569 321 1594 ut
340 1575 460 1594 merces
475 1574 526 1594 eas
548 1565 579 1593 in
602 1565 740 1602 aliquem
756 1566 884 1602 portum
900 1563 986 1592 defe-

283 1618 343 1652 rat,
366 1615 419 1653 qui
435 1615 476 1644 sit
498 1624 624 1643 suarum
644 1615 795 1652 partium,
814 1613 859 1642 ita
879 1616 986 1642 tamen

284 1669 320 1694 ut
335 1668 471 1694 vecturae
487 1664 624 1703 pretium
639 1667 744 1692 nauta}
765 1663 915 1699 solvatur.
956 1662 989 1691 Si

284 1719 396 1745 contra
411 1715 498 1743 navis
512 1714 637 1743 hostilis
652 1714 757 1750 fuerit,
780 1723 899 1743 merces
914 1723 988 1742 vero

285 1767 431 1801 aliorum,
447 1766 486 1794 de
501 1775 579 1794 nave
594 1765 835 1803 transigendum
852 1775 858 1793 :
879 1767 945 1800 aut,
964 1765 989 1792 si

286 1817 390 1844 nolint
405 1819 548 1844 vectores
564 1815 751 1852 transigere,
773 1814 933 1852 cogendos
954 1818 990 1843 ut

287 1876 359 1895 cum
374 1865 446 1893 navi
467 1868 539 1893 eant
560 1865 591 1892 in
612 1868 739 1902 portum
764 1864 900 1902 aliquem
918 1868 990 1902 par-

287 1918 367 1945 tium
389 1915 553 1953 capientis,
584 1917 616 1942 et
637 1917 673 1942 ut
701 1913 838 1950 capienti
866 1914 991 1943 solvant

288 1966 425 2004 pretium
447 1965 531 2002 quod
549 1972 606 2001 pro
621 1963 709 1991 navis
730 1972 788 1990 usu
805 1963 992 1992 debebatur.

288 2016 387 2054 Apud
396 2014 572 2043 Hollandos
584 2022 666 2041 anno
675 2013 734 2042 clo
743 2021 825 2041 cccc
837 2021 992 2043 xxxvm.

288 2077 358 2096 cum
370 2066 489 2095 bellum
501 2066 577 2103 ipsis
590 2067 673 2093 esset
685 2073 754 2092 cum
771 2064 898 2092 Lubeca
908 2064 993 2093 aliis-

288 2128 350 2156 que
364 2117 549 2146 civitatibus
564 2116 603 2144 ad
619 2124 704 2144 mare
715 2114 872 2143 Balticum
889 2118 920 2144 et
933 2115 992 2144 Al-

288 2169 353 2197 bim
377 2167 455 2203 sitis,
484 2167 653 2204 frequente
678 2168 790 2193 senatu
814 2164 993 2202 judicatum

290 2221 347 2254 est,
378 2217 473 2246 etiam
499 2216 530 2244 in
547 2215 684 2244 hostium
701 2214 832 2243 navibus
851 2217 994 2253 repertas

290 2277 422 2302 merceS‚
445 2276 523 2304 quas
538 2266 671 2294 aliorum
687 2274 754 2293 esse
770 2267 940 2300 constaret,
961 2264 994 2293 in

291 2318 431 2358 praedam
447 2326 510 2345 non
527 2316 654 2352 cedere3
675 2315 771 2353 idque
791 2314 835 2344 ibi
850 2324 908 2353 pro
923 2315 995 2355 lege

1046 712 1194 750 deinceps
1208 711 1350 740 habitum
1367 713 1424 740 est.
1455 710 1506 740 Sic
1521 713 1553 739 et
1564 709 1676 739 Daniae
1691 719 1746 739 rex

1045 762 1154 798 sensit,
1169 771 1239 791 cum
1254 770 1337 790 anno
1359 761 1419 791 clo
1431 761 1469 790 Io
1481 768 1591 789 xcvu.
1612 760 1652 788 ad
1668 759 1748 788 Hol-

1043 812 1159 841 landos
1179 821 1352 849 eorumque
1372 811 1532 840 federatos
1553 810 1747 849 legationem

1045 863 1198 898 mitteret,
1210 871 1273 900 qua
1287 861 1465 890 libertatem
1483 859 1654 899 navigandi
1665 868 1748 888 mer-

1046 921 1161 950 cesque
1182 911 1303 940 ferendi
1325 911 1357 940 in
1374 911 1570 949 Hispaniam,
1593 919 1663 939 cum
1686 918 1749 947 qua

1047 962 1199 990 Hollandi
1226 962 1345 990 bellum
1373 962 1528 999 gerebant
1551 960 1749 996 acerrimum,

1047 1012 1111 1040 suis
1131 1012 1321 1041 vindicabat.
1363 1011 1462 1050 Apud
1486 1011 1596 1040 Gallos
1620 1011 1751 1040 libertas

1048 1064 1258 1090 mercaturam
1282 1061 1448 1090 exercendi
1472 1061 1592 1099 pacatis
1614 1061 1751 1099 populis,

1048 1111 1143 1141 etiam
1158 1112 1244 1149 apud
1259 1120 1312 1140 eos
1323 1111 1377 1149 qui
1388 1111 1500 1140 Galliae
1514 1111 1621 1140 hostes
1636 1115 1753 1148 essent,

1049 1171 1174 1200 semper
1189 1162 1359 1200 permissa3
1374 1164 1407 1190 et
1418 1161 1545 1200 quidem
1560 1162 1638 1190 adeo
1653 1161 1751 1190 indis-

1050 1215 1145 1247 crete,
1161 1215 1197 1240 ut
1212 1212 1319 1240 hostes
1334 1221 1417 1248 saepe
1431 1212 1489 1240 sub
1501 1211 1611 1240 alienis
1626 1211 1752 1240 nomin-

1049 1262 1120 1290 ibus
1134 1271 1183 1290 res
1197 1270 1269 1290 suas
1283 1261 1496 1299 occultarent3
1514 1264 1550 1290 ut
1565 1264 1699 1300 apparet
1714 1271 1753 1290 ex

1051 1312 1154 1341 edicto
1183 1321 1266 1340 anno
1291 1312 1350 1341 clo
1364 1312 1515 1341 onmu.
1536 1312 1640 1350 capite
1665 1320 1752 1341 xml.

1051 1363 1137 1401 quod
1158 1362 1308 1391 tralatum
1330 1362 1425 1391 estin
1441 1361 1579 1390 edictum
1598 1362 1673 1390 anni
1692 1362 1752 1391 cIo

1051 1413 1090 1442 Io
1103 1421 1252 1441 Lxxxw.
1281 1415 1312 1441 et
1340 1412 1517 1450 sequentia.
1569 1412 1614 1441 Iis
1642 1412 1754 1441 edictis

1052 1463 1170 1493 diserte
1202 1466 1340 1499 cavetur,
1369 1466 1406 1492 ut
1444 1463 1610 1492 Gallorum
1646 1463 1754 1492 amicis

1051 1515 1146 1544 liceat
1168 1514 1243 1543 belli
1265 1517 1409 1552 tempore
1428 1523 1574 1543 exercere
1596 1519 1755 1543 mereatu-

1052 1574 1130 1601 ram,
1162 1564 1333 1592 dummodo
1361 1563 1424 1592 suis
1447 1564 1589 1600 navibus,
1619 1572 1757 1602 suosque

1053 1624 1111 1653 per
1126 1614 1279 1650 homines,
1300 1623 1459 1651 navesque
1474 1623 1510 1642 ac
1524 1623 1654 1650 merces,
1675 1623 1756 1651 quo-

1054 1673 1190 1702 cumque
1221 1663 1323 1692 visum
1358 1663 1434 1701 ipsis
1464 1666 1547 1692 esset
1574 1664 1758 1701 perducere,

1055 1716 1129 1744 dum
1142 1724 1181 1743 ne
1191 1723 1311 1743 merces
1325 1723 1368 1743 eae
1380 1714 1443 1743 sint
1454 1715 1759 1751 belliinstrumenta,

1056 1765 1174 1804 quibus
1195 1773 1244 1793 res
1264 1764 1401 1793 hostium
1415 1765 1522 1794 fovere
1536 1765 1650 1794 velint:
1673 1765 1759 1803 quod

1056 1816 1082 1844 si
1101 1816 1156 1844 fiat
1178 1815 1375 1853 permittitur
1392 1814 1493 1844 Gallis
1517 1815 1594 1844 talia
1614 1815 1689 1844 belli
1710 1815 1759 1844 in-

1057 1868 1234 1895 strumenta
1253 1864 1311 1893 sibi
1329 1873 1462 1900 sumere,
1484 1864 1647 1902 persoluto
1668 1874 1761 1904 aequo

1057 1916 1173 1954 pretio.
1217 1915 1278 1944 Hic
1303 1915 1366 1943 duo
1389 1915 1539 1951 notanda,
1563 1915 1612 1943 his
1635 1915 1761 1954 legibus

1059 1975 1116 1994 nec
1138 1965 1214 1994 belli
1235 1965 1447 1994 instrumenta
1472 1964 1504 1993 in
1526 1966 1665 2003 praedam
1694 1974 1762 1995 ces-

1059 2016 1148 2049 sisse,
1168 2015 1270 2043 multo
1285 2015 1386 2052 magis
1400 2015 1440 2043 ab
1455 2024 1492 2043 eo
1513 2015 1655 2052 periculo
1669 2016 1762 2044 abfu-

1059 2065 1119 2094 isse
1134 2073 1254 2093 merces
1269 2063 1426 2092 innoxias.
1463 2064 1534 2092 Non
1547 2074 1661 2102 negem
1676 2066 1762 2095 aliud

1053 2115 1107 2153 jus
1142 2122 1310 2151 usurpasse
1343 2113 1502 2142 interdum
1536 2115 1764 2151 septentrionis

1059 2167 1182 2203 genteS,
1204 2163 1258 2192 sed
1273 2162 1369 2200 varie,
1392 2171 1431 2191 ex
1446 2171 1505 2191 usu
1520 2163 1622 2201 magis
1637 2167 1765 2202 tempo-

1060 2223 1129 2243 rum
1142 2223 1236 2251 quam
1253 2222 1291 2242 ex
1306 2212 1457 2251 aequitate
1471 2216 1636 2251 perpetua.
1679 2215 1762 2246 Nam

1060 2273 1132 2293 cum
1161 2262 1262 2301 Angli
1286 2261 1443 2291 bellorum
1470 2271 1598 2292 suorum
1627 2265 1763 2296 obtentu

1061 2315 1226 2344 Danorum
1253 2311 1441 2342 commercia
1464 2312 1679 2352 impedissent,
1708 2325 1765 2346 na..

293 2461 483 2506 besieging
500 2472 521 2495 a
538 2464 649 2500 town,
666 2471 708 2494 or
728 2459 953 2505 blockading
969 2470 991 2493 a
1003 2462 1099 2505 port,
1121 2459 1195 2493 and
1209 2458 1242 2494 if
1258 2459 1459 2495 surrender
1479 2469 1521 2494 or
1537 2469 1652 2505 peace
1670 2469 1766 2494 were

294 2518 493 2564 expected3
515 2518 562 2552 he
580 2518 653 2551 will
670 2518 717 2552 be
730 2517 857 2552 bound
874 2521 914 2551 to
932 2527 992 2551 me
1004 2516 1064 2551 for
1081 2516 1277 2562 damages3
1298 2528 1338 2552 as
1355 2529 1377 2552 a
1393 2528 1529 2563 person
1547 2516 1668 2551 would
1684 2515 1766 2551 who

293 2576 468 2610 liberates
490 2587 552 2621 my
567 2575 701 2609 debtor
721 2575 817 2608 from
834 2574 972 2620 prison,
993 2585 1035 2609 or
1052 2575 1176 2609 assists
1194 2574 1250 2609 his
1268 2574 1376 2620 ssight
1392 2579 1431 2609 to
1449 2586 1511 2621 my
1526 2575 1649 2620 injury
1664 2587 1673 2615 ;
1692 2573 1767 2608 and

293 2636 332 2667 to
354 2633 417 2667 the
438 2636 566 2667 extent
587 2632 629 2666 of
649 2632 713 2666 the
738 2632 906 2677 damage,
934 2631 990 2666 his
1016 2637 1194 2678 property
1215 2643 1300 2678 may
1321 2632 1368 2667 be
1388 2632 1514 2673 taken,
1533 2631 1607 2665 and
1625 2642 1768 2665 owner-

294 2689 376 2735 ship
394 2689 545 2724 thereos
563 2690 609 2724 be
635 2689 806 2724 assumed
831 2689 891 2723 for
915 2688 980 2724 the
1006 2689 1094 2724 sake
1116 2689 1160 2723 of
1176 2690 1392 2735 recovering
1420 2700 1483 2734 my
1505 2688 1606 2723 debt.
1653 2687 1694 2722 If
1719 2687 1768 2722 he

294 2747 389 2780 have
409 2751 475 2780 not
496 2751 558 2792 yet
579 2747 714 2782 caused
732 2747 898 2792 damage,
920 2746 987 2781 but
1004 2746 1098 2781 have
1119 2746 1216 2781 tried
1234 2750 1272 2781 to
1295 2757 1404 2781 cause
1421 2746 1461 2785 it,
1480 2746 1498 2779 I
1515 2745 1611 2780 shall
1631 2744 1725 2779 have
1746 2756 1768 2779 a

296 2803 406 2848 right,
427 2803 476 2848 by
498 2804 561 2838 the
583 2805 769 2838 retention
791 2804 834 2838 of
851 2804 907 2838 his
925 2808 1115 2849 property,
1132 2807 1172 2838 to
1194 2804 1340 2849 compel
1356 2803 1433 2837 him
1450 2807 1489 2837 to
1505 2803 1588 2847 give
1606 2802 1769 2847 security

297 2859 357 2894 for
378 2859 440 2894 the
461 2860 597 2900 future,
618 2861 667 2907 by
688 2862 870 2907 hostages,
891 2861 1055 2907 pledges,
1078 2872 1121 2895 or
1149 2862 1187 2895 in
1209 2872 1310 2896 some
1338 2860 1446 2895 other
1474 2871 1564 2905 way.
1626 2859 1702 2893 But
1727 2858 1769 2900 if,

299 2917 454 2958 besides,
477 2917 540 2952 the
561 2917 730 2961 injusticc
748 2919 790 2953 os
808 2930 869 2965 my
887 2929 1020 2965 enemy
1033 2923 1071 2953 to
1087 2929 1148 2954 mc
1169 2918 1216 2953 bc
1237 2929 1324 2964 very
1342 2917 1501 2959 evident,
1523 2915 1597 2951 and
1614 2915 1662 2951 he
1680 2926 1768 2951 con-
