1971 3326
378 200 402 240 6
723 205 978 247 QUANTUM
1007 205 1063 240 IN
1093 204 1258 239 BELLO
1289 203 1484 245 LICEAT,
1659 202 1842 247 [L1ss.111.

159 330 276 366 [mn-11.
290 337 312 354 c.
378 315 475 358 alibi
498 315 738 357 notavimus.
809 315 865 356 Et
895 319 1033 356 tamen
1056 312 1123 353 ille
1146 311 1233 368 ipse
1257 313 1384 362 Deus,
1418 311 1626 353 hominum
1651 326 1723 353 suo
1749 311 1846 367 jure

160 361 314 391 ”him
381 382 580 432 dominus,
617 382 668 423 ob
700 380 960 438 paucissimos
983 380 1110 421 bonos
1134 391 1304 434 parcere
1336 378 1439 419 solet
1463 377 1649 433 quamvis
1684 392 1845 434 magnae

381 448 582 490 malorum
617 446 887 495 universitati,
925 450 966 486 et
997 459 1045 486 eo
1081 458 1207 491 suam,
1233 458 1315 498 qua
1342 443 1473 498 judex
1499 448 1572 491 est,
1611 444 1847 498 aequitatem

383 520 577 557 testatam
601 513 710 562 facit,
742 518 789 554 ut
813 510 1040 553 Abrahami
1071 524 1161 550 cum
1192 510 1283 550 Deo
1307 508 1550 564 colloquium
1575 509 1626 550 de
1659 508 1848 550 Sodomis

385 587 529 636 aperte
552 595 626 621 nos
650 579 780 620 docet.
851 578 908 618 Et
932 591 985 617 ex
1006 575 1070 616 his
1095 575 1259 630 quidem
1283 574 1545 632 generalibus
1568 574 1722 632 regulis
1753 589 1849 632 cog-

385 646 495 688 nosci
519 650 656 700 potest
678 648 875 699 quantum
899 642 940 683 in
961 642 1121 684 hostem
1141 641 1263 683 liceat
1286 640 1544 683 naturaliter.

482 712 536 754 V.
583 712 604 750 1
650 710 734 752 Sed
752 715 793 751 et
818 707 989 764 quaestio
1013 707 1194 749 incidere
1215 707 1330 757 solet,
1353 707 1453 762 quid
1476 707 1597 749 liceat
1619 707 1663 748 in
1687 721 1756 748 eos
1779 705 1851 762 qui

384 778 524 819 hostes
544 791 627 818 non
658 781 765 825 sunt,
798 781 870 816 aut
893 774 972 815 dici
995 774 1151 825 nolunt,
1177 774 1250 815 sed
1274 773 1459 815 hostibus
1485 788 1552 815 res
1575 772 1732 828 aliquas
1755 773 1851 814 sub-

383 843 631 885 ministrant.
701 842 809 883 Nam
835 847 876 882 et
900 840 993 882 olim
1023 846 1065 882 et
1087 854 1219 896 nuper
1244 840 1295 882 de
1319 854 1368 881 ea
1394 854 1442 881 re
1468 839 1618 882 acriter
1647 844 1850 881 certatum

384 910 544 959 scimus,
582 924 672 950 cum
695 908 764 950 alii
799 907 894 949 belli
928 906 1121 964 rigorem,
1158 906 1227 948 alii
1249 906 1582 948 commerciorum
1616 905 1851 948 libertatem

385 976 669 1018 defenderent.

481 1043 508 1084 2
551 1041 734 1083 Primum
757 1039 1090 1096 distinguendum
1113 1038 1221 1081 inter
1241 1053 1308 1081 res
1328 1038 1449 1094 ipsas.
1495 1038 1602 1080 Sunt
1625 1037 1731 1080 enim
1757 1051 1850 1093 quae

385 1107 427 1149 in
451 1108 558 1150 bello
582 1113 741 1149 tantum
765 1120 882 1147 usum
906 1106 1073 1154 habent,
1096 1111 1143 1146 ut
1166 1120 1308 1148 arma:
1333 1110 1428 1146 sunt
1452 1118 1543 1160 quae
1567 1104 1609 1146 in
1632 1104 1737 1146 bello
1762 1104 1851 1145 nul-

385 1174 470 1216 lum
493 1174 647 1215 habent
668 1188 798 1221 usum,
824 1178 870 1213 ut
892 1187 984 1227 quae
1009 1171 1209 1227 voluptati
1232 1171 1487 1212 inserviunt:
1515 1176 1609 1212 sunt
1633 1185 1725 1225 quae
1744 1176 1785 1212 et
1808 1170 1851 1211 in

385 1241 492 1282 bello
529 1245 570 1282 et
601 1245 720 1281 extra
756 1238 906 1280 bellum
937 1253 1055 1279 usum
1085 1238 1252 1287 habent,
1289 1243 1335 1279 ut
1358 1237 1553 1293 pecuniae,
1587 1242 1849 1287 commeatus,

386 1309 547 1355 cnaveS,
580 1312 623 1348 et
646 1320 738 1361 quae
770 1305 943 1346 navibus
967 1304 1130 1347 adsunt.
1202 1305 1251 1345 In
1276 1304 1408 1360 primo
1439 1318 1591 1359 genere
1615 1317 1759 1345 verum
1789 1308 1852 1344 est

136 1361 142 1371 ⁵
166 1388 280 1418 Procop-
294 1387 311 1410 i.
386 1373 539 1415 dictum
558 1371 883 1413 Amalasuinthae
904 1370 957 1412 ad
978 1369 1270 1419 Justinianum‚
1295 1370 1337 1410 in
1354 1369 1532 1411 hostium
1556 1384 1643 1411 esse
1666 1368 1852 1425 partibus

168 1419 325 1443 Gmm'e'3'
386 1439 457 1495 qui
481 1439 534 1480 ad
558 1439 709 1479 bellum
733 1436 961 1479 necessaria
993 1436 1101 1477 hosti
1124 1436 1395 1478 administrat.
1467 1435 1698 1477 Secundum
1722 1448 1853 1491 genus

165 1519 310 1574 ἐῦεΒεηεχ.
320 1519 366 1543 vii.
387 1504 595 1560 querelam
614 1519 694 1545 non
712 1504 849 1545 habet.
899 1502 966 1544 Sic
989 1502 1145 1543 Seneca
1163 1508 1342 1559 tyranno
1362 1502 1538 1558 gratiam
1561 1516 1604 1543 se
1624 1501 1852 1542 relaturum

199 1568 205 1574 ’
386 1571 457 1620 ait,
494 1565 555 1612 dsi
591 1570 829 1612 beneficium
861 1569 919 1610 illi
953 1583 1086 1624 neque
1121 1567 1230 1611 vires
1265 1567 1441 1624 majores
1476 1568 1669 1609 daturum
1705 1572 1767 1609 est
1798 1565 1853 1608 ad

443 1693 457 1708 c
479 1687 592 1716 Nat-es
612 1690 640 1715 et
654 1696 719 1724 quae
739 1685 870 1714 navibus
888 1683 1016 1723 adsunt]
1040 1685 1086 1713 A·
1154 1688 1237 1714 astes
1252 1685 1291 1714 ad
1306 1684 1530 1723 Aristophanis
1549 1685 1649 1713 nubes
1668 1686 1700 1713 et
1717 1683 1850 1722 equites.

385 1737 488 1767 thenis
515 1736 703 1775 ἀπόῤῥητα,
725 1736 757 1764 id
783 1739 841 1771 est,
863 1736 951 1764 evehi
975 1735 1085 1769 vetita,
1156 1732 1208 1771 [In
1236 1733 1348 1771 Equit.
1376 1742 1456 1762 verS.
1480 1734 1549 1762 282.
1591 1733 1629 1761 In
1657 1732 1789 1761 Scholiis
1813 1731 1854 1759 ad

386 1788 463 1823 lina,
489 1790 585 1822 utres,
609 1786 743 1824 lignum,
766 1794 846 1822 cera,
867 1784 932 1823 pix.
967 1784 1087 1813 Scholi-
1154 1783 1261 1811 Nubes
1277 1783 1353 1811 nihil
1368 1783 1426 1811 hac
1442 1784 1480 1812 de
1494 1792 1548 1813 re:
1566 1783 1621 1812 sed
1635 1782 1735 1812 voluit
1749 1782 1853 1811 dicere

385 1950 480 1984 have
497 1948 695 1983 elsewhere
716 1948 921 1993 explained.
963 1948 1048 1982 And
1070 1960 1161 1983 even
1177 1949 1258 1983 God
1275 1948 1435 1989 himself,
1452 1947 1533 1982 who
1550 1948 1579 1982 is
1597 1947 1661 1982 the
1682 1958 1854 1993 supreme

386 2007 485 2041 Lord
505 2007 547 2040 of
564 2017 660 2046 men,
683 2006 785 2040 often
803 2017 928 2050 spares
949 2005 1013 2039 the
1034 2005 1152 2039 whole
1172 2006 1282 2051 body,
1302 2005 1445 2050 though
1468 2005 1581 2050 large,
1602 2005 1661 2039 for
1681 2004 1745 2039 the
1767 2005 1855 2039 sake

389 2064 431 2098 of
446 2076 468 2097 a
487 2063 558 2097 few
575 2063 671 2108 good
690 2074 796 2102 men3
829 2062 902 2096 and
928 2062 1015 2096 thus
1041 2062 1232 2096 manifests
1251 2063 1306 2096 his
1325 2063 1451 2107 equity
1468 2073 1507 2096 as
1529 2074 1550 2095 a
1566 2062 1681 2107 judge
1697 2074 1707 2103 3
1733 2073 1772 2097 as
1789 2062 1855 2096 the

388 2121 559 2165 dialogue
576 2120 619 2154 of
634 2119 716 2154 God
735 2119 822 2153 with
839 2119 1027 2153 Abraham
1045 2120 1267 2164 concerning
1285 2119 1422 2153 Sodom
1440 2118 1580 2163 plainly
1597 2118 1724 2153 shews.

459 2179 572 2211 From
593 2177 697 2211 these
714 2176 866 2221 general
886 2177 985 2211 rules
1016 2187 1070 2211 we
1091 2187 1177 2222 may
1197 2187 1258 2211 see
1289 2175 1386 2210 what
1418 2175 1448 2209 is
1477 2175 1603 2209 lawful
1633 2175 1778 2220 against
1806 2186 1855 2210 an

389 2246 521 2280 enemy
539 2234 587 2280 by
608 2234 768 2268 Natural
788 2234 887 2268 Law.

459 2292 506 2326 V.
560 2295 577 2324 1
613 2291 688 2324 But
716 2290 781 2324 the
801 2291 970 2335 question
992 2290 1094 2325 often
1119 2290 1243 2330 arises,
1270 2289 1368 2324 what
1385 2289 1414 2324 is
1434 2288 1561 2323 lawful
1579 2289 1723 2334 against
1749 2288 1856 2324 those

389 2348 471 2382 who
489 2359 552 2382 are
569 2351 636 2382 not
662 2348 836 2388 enemies,
857 2359 899 2381 or
916 2348 988 2380 will
1009 2352 1074 2381 not
1094 2347 1200 2381 allow
1218 2347 1438 2381 themselves
1455 2350 1494 2380 to
1512 2346 1558 2380 be
1579 2357 1619 2381 so
1637 2346 1767 2388 called,
1787 2347 1856 2381 but

389 2405 471 2439 who
489 2405 643 2450 provide
675 2415 743 2439 our
775 2405 937 2438 enemies
958 2404 1046 2438 with
1069 2404 1231 2449 supplies
1253 2404 1295 2438 of
1317 2404 1463 2438 various
1493 2403 1613 2437 kinds.
1677 2403 1765 2438 This
1789 2403 1855 2438 has

388 2463 484 2497 been
516 2473 538 2495 a
570 2462 676 2507 point
707 2461 857 2507 sharply
887 2461 1091 2502 contested,
1123 2461 1215 2495 both
1244 2460 1432 2506 anciently
1460 2460 1534 2494 and
1566 2461 1754 2507 recently3
1784 2471 1856 2496 one

388 2524 499 2565 party
520 2518 721 2563 defending
743 2518 807 2553 the
828 2518 995 2564 rigorous
1015 2518 1132 2563 rights
1150 2518 1193 2552 of
1209 2530 1294 2560 war,
1314 2518 1379 2553 the
1400 2517 1519 2559 other,
1539 2517 1604 2552 the
1621 2517 1790 2553 freedom
1817 2517 1862 2552 of

389 2587 607 2611 commerce.

467 2637 487 2666 2
519 2633 563 2666 In
595 2632 659 2667 the
685 2632 765 2667 first
792 2632 909 2678 place,
937 2643 990 2667 we
1010 2635 1109 2666 must
1126 2632 1234 2667 make
1255 2643 1277 2666 a
1298 2631 1512 2667 distinction
1533 2643 1572 2666 as
1593 2635 1632 2666 to
1649 2631 1714 2666 the
1731 2631 1856 2677 things

391 2690 571 2735 supplied.
631 2690 707 2724 For
733 2690 840 2724 there
866 2700 930 2723 are
956 2700 1058 2724 some
1075 2689 1221 2723 articles
1243 2689 1286 2724 of
1301 2689 1434 2735 supply
1454 2688 1573 2723 which
1593 2700 1656 2723 are
1677 2689 1797 2723 useful
1817 2689 1857 2723 in

391 2758 466 2780 war
483 2747 580 2791 only,
598 2758 636 2780 as
653 2758 773 2788 arms;
799 2746 924 2781 others
941 2746 1060 2780 which
1081 2758 1144 2781 are
1173 2746 1216 2780 of
1242 2757 1290 2781 no
1315 2758 1381 2781 use
1410 2747 1449 2780 in
1474 2757 1559 2787 war,
1583 2745 1652 2780 but
1677 2756 1740 2780 are
1769 2745 1857 2791 only

392 2803 574 2844 luxuries3
600 2803 725 2837 others
756 2803 875 2837 which
909 2814 972 2838 are
1000 2803 1123 2837 useful
1153 2803 1245 2837 both
1272 2803 1311 2837 in
1332 2814 1416 2844 war,
1447 2803 1521 2837 and
1545 2806 1611 2837 out
1645 2802 1688 2837 of
1711 2813 1796 2843 war,
1816 2814 1856 2837 as

392 2870 539 2904 money,
572 2861 787 2904 provisions,
823 2860 923 2906 ships
957 2860 1031 2894 and
1063 2860 1160 2894 their
1193 2861 1391 2895 furniture.
1453 2860 1498 2894 In
1531 2863 1685 2893 matters
1723 2859 1766 2893 of
1790 2859 1856 2894 the

393 2917 472 2950 first
489 2916 590 2956 kind,
603 2916 684 2950 that
701 2917 730 2950 is
752 2921 835 2951 true
855 2917 974 2951 which
991 2918 1272 2952 Amalasuintha
1292 2917 1371 2951 said
1392 2920 1430 2950 to
1447 2916 1472 2950 J
1474 2916 1646 2957 ustinian,
1667 2915 1749 2950 that
1766 2916 1857 2962 they

393 2985 456 3008 are
478 2973 520 3006 of
537 2973 600 3007 the
621 2977 729 3018 party
761 2974 804 3007 of
822 2973 885 3008 the
907 2986 1039 3020 enemy
1059 2974 1141 3009 who
1172 2974 1306 3020 supply
1332 2973 1410 3007 him
1436 2973 1525 3007 with
1549 2972 1648 3008 what
1675 2973 1705 3008 is
1729 2983 1856 3008 neces-
