1971 3326
189 204 274 246 422

193 326 306 356 Galliae
322 325 377 365 jus
399 325 482 355 eirca
504 325 716 364 praedationes
740 335 810 364 quae
826 328 937 354 eontra
950 325 998 354 le-

229 385 303 415 gem
319 376 479 414 publicam
496 376 588 405 fiunt.
610 376 642 405 ii.
660 377 695 406 17
701 398 709 413 ,
725 378 773 412 20,
788 378 806 404 2

194 426 358 455 Gelricum
368 425 423 464 jus
437 426 476 455 de
491 425 595 454 insula
609 428 642 455 et
656 426 826 454 alluvione.
848 425 879 453 ii.
896 425 925 460 8,
941 425 979 452 14

194 475 329 504 Generis
344 484 459 504 nomen
475 484 558 513 saepe
573 475 714 504 adhaeret
729 474 853 512 speciei.
874 474 907 501 ii.
922 473 968 508 16,
980 473 999 503 9

193 523 347 554 Germani
371 533 435 553 una
452 533 552 554 uxore
577 524 720 553 contenti
744 523 930 560 antiquitus.
964 522 998 552 ii.

231 574 261 609 5,
276 573 306 608 9,
321 574 340 602 4

197 622 369 652 Germania
382 631 446 652 non
465 622 528 651 fuit
548 631 621 660 pars
636 622 730 651 Rom.
748 621 889 660 Imperii.
922 621 953 650 ii.
968 621 998 657 9,

233 674 282 711 11,
297 674 314 701 1

195 721 427 750 Germanorum
443 723 585 750 veterum
600 720 776 750 latrocinia.
800 720 843 750 iii.
861 722 889 757 3,
904 722 932 757 2,
947 721 967 750 3

195 770 372 809 Gigantum
388 774 475 800 aetas.
497 771 528 799 ii.
552 772 581 807 2,
597 773 616 799 2

195 819 345 849 Gladium
360 820 517 858 accipiens
537 820 644 858 gladio
668 820 795 858 peribit,
817 829 881 858 quo
905 829 1000 849 sensu

235 869 366 898 dictum.
389 870 409 899 i.
428 871 457 905 3,
472 871 501 905 3,
516 870 533 900 7

195 918 327 948 Gladios
342 921 510 957 gesserunt
530 919 677 957 Apostoli
695 919 834 957 quidam.
857 919 877 949 i.
894 921 923 956 3,
938 921 966 956 3,
981 921 1000 948 4

195 967 309 1006 Γνώμη
326 968 493 997 Aristoteli
508 969 594 1006 quid.
618 969 650 998 ii.
666 969 713 1005 16,
729 969 779 1002 26,
796 971 813 998 1

197 1018 376 1047 Gothorum
392 1017 567 1046 moderatio
582 1017 614 1046 in
626 1018 710 1047 bello
723 1018 805 1047 circa
819 1027 869 1047 res
884 1027 999 1049 sacras.

234 1067 277 1095 iii.
296 1068 342 1102 12,
357 1067 386 1103 6,
401 1068 420 1096 3

197 1116 323 1146 Gradus
338 1117 369 1144 in
383 1116 525 1146 Levitico
540 1117 702 1155 prohibiti,
723 1127 763 1146 an
786 1120 818 1147 et
833 1127 917 1146 nunc
933 1127 1000 1146 ma-

233 1166 383 1195 trimonia
404 1166 594 1204 impediant.
625 1167 655 1195 ii.
683 1168 712 1203 5,
738 1167 785 1203 19,
808 1169 836 1195 1.
880 1167 943 1202 Qui
968 1167 1000 1196 in

233 1215 375 1245 Levitico
390 1224 447 1253 per
458 1216 755 1254 interpretationem
766 1217 918 1255 prohibiti
927 1226 1001 1246 cen-

190 1293 200 1299 „
234 1268 373 1293 seantur.
396 1265 428 1293 ii.
443 1266 473 1300 5,
487 1266 534 1300 13,
549 1266 568 1293 4

197 1313 301 1343 Graeci
315 1313 487 1351 aliquando
501 1313 608 1352 plures
623 1323 738 1344 uxores
752 1315 902 1346 habuere.
924 1316 957 1346 ii.
971 1317 1001 1353 5,

234 1363 264 1398 9,
277 1364 296 1391 4

197 1412 382 1442 Graecorum
397 1421 465 1441 mos
480 1413 564 1442 circa
578 1414 729 1451 praedam.
753 1414 796 1443 iii.
814 1415 844 1452 6,
861 1416 907 1451 14,
923 1417 941 1444 2

197 1461 312 1490 Gratia
327 1461 461 1490 mortuis
477 1462 636 1499 quomodo
651 1463 812 1491 reddatur.
830 1463 861 1492 ii.
879 1465 907 1499 7,
928 1464 957 1499 9,
972 1464 991 1492 2

198 1511 344 1540 Gratiam
358 1512 477 1540 referre
495 1512 582 1550 prius
603 1522 698 1550 quam
721 1513 908 1542 beneficium
924 1522 999 1542 con-

236 1560 330 1589 ferre.
353 1560 386 1589 ii.
403 1561 433 1595 7,
449 1560 478 1597 9,
494 1563 513 1589 2

198 1609 315 1638 Gravia
334 1619 429 1647 supra
452 1610 581 1638 modum
605 1611 772 1640 eximenda
791 1621 810 1641 a
831 1612 999 1642 verborum

233 1659 451 1689 universitate.
472 1660 503 1688 ii.
522 1661 570 1696 16,
586 1662 635 1696 27,
651 1662 667 1689 1

197 1705 404 1736 Gubernandi
417 1710 482 1737 tres
494 1708 615 1738 formae.
638 1708 659 1737 i.
676 1709 703 1744 3,
718 1709 747 1744 8,
761 1709 781 1740 9

574 1875 617 1903 Η.

194 1951 360 1982 Habitatio
375 1962 416 1982 an
438 1954 640 1983 concedenda
655 1954 805 1992 externis,
829 1957 862 1984 et
882 1955 998 1993 quibus

236 2002 372 2040 legibus.
395 2003 427 2031 ii.
442 2005 471 2039 2,
486 2004 534 2039 17,
550 2005 567 2033 1

196 2051 307 2082 Haeres
322 2062 384 2082 non
402 2056 530 2082 tenetur
547 2063 585 2083 ex
606 2054 636 2082 vi
652 2054 718 2082 sola
731 2053 908 2091 juramenti
922 2053 999 2082 facti

235 2111 254 2130 a
276 2103 437 2131 defuncto.
472 2103 502 2132 ii.
532 2105 579 2139 13,
608 2104 655 2139 17,
684 2105 714 2133 1.
756 2104 810 2132 An
837 2104 877 2132 de
904 2112 1000 2141 poena

236 2154 392 2181 teneatur.
415 2152 448 2181 ii.
463 2154 513 2188 21,
528 2153 565 2183 19

199 2199 377 2229 Haereticus
392 2201 577 2239 Augustino
592 2201 671 2238 quis.
696 2201 728 2229 ii.
743 2203 792 2238 20,
807 2202 855 2237 50,
871 2203 891 2231 4

197 2249 390 2278 Harmonica
404 2250 568 2287 proportio
588 2259 629 2278 an
650 2250 683 2279 in
704 2250 806 2288 poenis
822 2251 927 2280 locum
942 2251 1000 2280 ha-

238 2299 323 2328 beat.
346 2299 376 2328 ii.
391 2301 438 2335 20,
450 2301 489 2329 33

197 2347 371 2378 Hastarum
387 2349 517 2379 erectio.
540 2349 582 2378 iii.
599 2350 647 2385 24,
662 2350 682 2378 5

199 2395 326 2424 Hebraei
335 2396 416 2434 jussi
431 2405 519 2425 sacra
529 2397 674 2435 gentium
689 2397 827 2427 abolere.
848 2398 891 2427 iii.
906 2399 935 2435 5,
946 2400 973 2435 1,
983 2399 1003 2429 6

199 2443 343 2473 Hebraeis
357 2455 397 2474 an
421 2446 545 2475 licuerit
569 2446 721 2475 beneficia
744 2447 818 2476 dare
834 2448 1003 2485 extraneis),

238 2497 295 2523 aut
308 2495 347 2523 ab
362 2495 399 2523 iis
414 2495 567 2533 accipere.
591 2496 623 2525 ii.
642 2497 689 2532 15,
701 2496 730 2532 9,
745 2498 764 2526 3

202 2545 409 2573 Hebraeorum
429 2545 480 2574 lex
505 2554 563 2582 pro
586 2546 724 2574 foeminis
746 2547 888 2584 captivis.
910 2548 953 2577 iii.
975 2549 1005 2584 4,

241 2594 289 2629 19,
311 2595 341 2623 2.
383 2594 455 2623 Mos
479 2595 518 2623 de
540 2595 626 2632 agris
648 2595 760 2633 captis.
797 2596 841 2626 iii.
865 2597 893 2633 6,
914 2599 962 2633 11,
975 2599 1005 2627 2.

241 2641 292 2670 De
302 2651 418 2671 corona
425 2643 500 2672 victi
509 2644 603 2682 regis.
626 2644 667 2673 iii.
682 2645 712 2681 6,
728 2647 778 2682 24,
793 2647 823 2675 4.
846 2644 909 2675 Jus
924 2647 1006 2675 circa

243 2699 358 2720 servos.
393 2691 435 2720 iii.
453 2693 482 2727 7,
502 2693 533 2722 8.
574 2693 650 2729 ΕΘΚ,
672 2693 741 2723 vide
762 2695 840 2724 Lex.
887 2694 949 2724 Jus
973 2696 1006 2724 in

245 2739 371 2769 liberos.
402 2740 433 2769 ii.
459 2741 489 2777 5,
511 2741 541 2777 5,
564 2741 593 2771 7.
635 2742 702 2771 Lex
722 2743 761 2772 de
783 2745 949 2773 arboribus
972 2745 1006 2773 in

244 2788 342 2817 bello.
362 2789 404 2818 iii.
420 2790 467 2824 12,
483 2791 511 2825 2,
526 2792 556 2820 2.
600 2791 663 2820 Pro
678 2793 786 2822 servis.
807 2793 849 2822 iii.
867 2794 916 2831 14,
932 2794 960 2830 6,
975 2795 1004 2823 5.

245 2835 348 2874 Leges
368 2837 401 2865 in
423 2840 648 2871 contractibuS.
678 2842 709 2871 ii.
726 2844 774 2878 12,
790 2845 836 2879 13,
852 2845 880 2873 2.
925 2844 1004 2872 Sen-

246 2885 347 2913 tentia
361 2885 558 2924 distinguens
582 2898 618 2919 ea
641 2900 710 2928 quae
734 2895 848 2922 natura
871 2893 1006 2923 honesta

248 2936 332 2964 sunt.
354 2934 387 2964 ii.
402 2936 449 2971 14,
463 2935 491 2971 6,
504 2937 521 2964 1

620 209 788 245 INDEX
818 209 1003 245 RERUM
1032 209 1436 252 PRAEOIPUARUM,

1063 324 1179 354 Heres.
1226 324 1302 354 Vide
1317 325 1441 355 Haeres.

1063 374 1201 403 Herodis
1218 374 1331 412 Magni
1346 374 1520 403 liberorum
1539 374 1763 405 controversia.
1791 375 1823 404 ii.
1839 375 1869 412 7,

1103 424 1142 453 28

1063 472 1271 511 Hispanicum
1281 473 1335 511 jus
1345 473 1383 503 de
1392 473 1508 512 praedis
1519 474 1722 503 terrestribus
1733 475 1766 503 et
1774 473 1870 502 mari·
1909 484 1914 490 ·

1103 522 1199 553 timis.
1221 523 1263 551 iii.
1281 522 1309 558 6,
1325 524 1374 558 24,
1390 525 1418 553 8.
1458 522 1518 552 Jus
1539 523 1579 552 de
1602 522 1808 561 postliminio,
1831 523 1871 551 de

1106 571 1310 600 comitatibus
1335 575 1367 601 et
1389 572 1525 601 arcibus.
1553 572 1599 601 iii.
1625 572 1653 608 9,
1677 573 1724 608 13,
1748 573 1778 601 2.
1818 571 1870 601 De

1103 621 1245 657 navibus,
1260 629 1339 659 quas
1352 621 1464 659 piratae
1480 623 1644 660 ceperunt.
1665 621 1706 650 iii.
1721 621 1750 657 9,
1763 622 1800 651 17

1064 670 1244 699 Hollandiae
1252 670 1307 708 jus
1321 670 1404 700 circa
1414 671 1625 708 praedationes
1637 671 1784 708 piraticas
1799 679 1870 709 quae

1105 722 1217 748 contra
1231 720 1336 758 legem
1350 719 1443 749 fiunt.
1465 720 1496 749 ii.
1513 720 1563 754 17,
1579 721 1626 757 20,
1642 722 1670 749 1.
1702 720 1774 749 Mos
1789 720 1872 750 eirca.

1104 769 1316 807 obligationes
1332 769 1555 800 exercitorum.
1576 769 1610 799 ii.
1625 772 1672 806 11,
1686 770 1725 799 13

1064 818 1289 847 Hollandicum
1300 818 1353 856 jus
1368 818 1407 847 de
1421 819 1507 857 agris
1521 819 1694 848 inundatis.
1728 818 1760 848 ii.
1776 819 1804 854 8,
1819 819 1870 853 12,

1104 870 1133 898 2.
1177 869 1271 898 Circa
1289 868 1418 905 insulas,
1439 872 1472 897 et
1494 868 1599 898 alveos
1620 869 1764 898 siccatos.
1787 868 1820 898 ii.
1837 869 1870 903 8,

1105 919 1154 953 10,
1171 919 1189 946 2

1065 967 1234 996 Homicida
1248 967 1324 1005 quid
1338 968 1506 997 restituere
1521 969 1680 996 teneatur.
1701 967 1732 996 ii.
1749 968 1796 1004 17,
1812 968 1851 997 13

1065 1016 1250 1045 Homicidas
1278 1017 1421 1046 occidere
1452 1020 1489 1046 ut
1516 1017 1622 1053 liceat,
1652 1017 1737 1046 unde
1764 1021 1871 1046 ortum

1105 1066 1229 1096 habeat.
1252 1067 1273 1096 i.
1290 1069 1319 1103 2,
1333 1068 1363 1104 5,
1377 1068 1397 1096 3

1066 1115 1172 1144 Homo
1187 1116 1226 1144 ad
1242 1125 1312 1154 quae
1322 1116 1376 1154 jus
1391 1117 1516 1145 habeat.
1539 1116 1571 1145 ii.
1583 1116 1630 1152 17,
1645 1117 1673 1152 2,
1688 1117 1717 1145 1.
1739 1115 1870 1144 Homini

1105 1165 1363 1194 instrumentum.
1386 1166 1404 1195 i.
1420 1167 1450 1203 5,
1465 1168 1502 1202 33
1525 1166 1567 1194 iii.
1584 1165 1612 1201 6,
1628 1165 1657 1201 9,
1673 1167 1689 1193 1

1066 1213 1240 1243 Hominum
1255 1215 1488 1243 reddendorum
1503 1217 1631 1253 pactum
1660 1214 1699 1242 de
1720 1213 1798 1242 vivis
1819 1213 1872 1241 in-

1104 1263 1325 1301 telligendum.
1349 1264 1380 1292 ii.
1397 1263 1444 1300 16,
1459 1265 1479 1293 5

1065 1312 1252 1341 Honestatis
1263 1313 1414 1351 generale
1428 1315 1624 1351 praeceptum
1638 1312 1670 1341 in
1683 1311 1870 1350 Evangelio.

1104 1361 1127 1390 i.
1146 1363 1175 1397 2,
1187 1363 1217 1397 8,
1233 1364 1253 1391 4

1065 1411 1245 1441 Honestum
1262 1412 1336 1449 quid
1350 1413 1383 1440 et
1398 1411 1587 1450 quotuplex.
1608 1411 1628 1440 i.
1646 1412 1675 1447 2,
1687 1412 1714 1447 1,
1726 1412 1746 1440 4

1066 1461 1250 1490 Honoribus
1269 1464 1418 1490 areentur
1442 1463 1613 1489 noeentum
1633 1461 1736 1490 liberi.
1765 1459 1797 1489 ii.
1821 1460 1872 1495 21,

1107 1511 1146 1541 16

1066 1561 1176 1590 Hostis
1191 1561 1267 1599 quid
1282 1561 1435 1598 antiquis.
1466 1561 1497 1590 ii.
1513 1562 1562 1597 15,
1578 1561 1608 1595 5,
1624 1563 1659 1597 23
1692 1560 1736 1590 iii.
1751 1562 1780 1598 3,
1797 1561 1825 1596 1,
1840 1561 1870 1590 1.

1107 1610 1244 1646 Occisio,
1259 1610 1443 1639 indistincta
1463 1619 1526 1648 quo
1547 1619 1640 1639 sensu
1659 1610 1755 1640 licita.
1784 1610 1826 1640 iii.
1841 1611 1871 1646 4,

1105 1661 1134 1696 2,
1156 1662 1185 1690 1.
1239 1660 1293 1688 An
1322 1659 1437 1688 offendi
1460 1659 1561 1696 possit
1588 1659 1621 1687 in
1648 1659 1716 1688 solo
1744 1661 1869 1699 pacato·

1106 1710 1151 1739 iii.
1166 1710 1195 1744 4,
1209 1709 1239 1742 8,
1251 1710 1278 1737 2.
1323 1708 1572 1737 Subministrans
1587 1717 1638 1737 res
1652 1717 1692 1737 an
1707 1717 1765 1747 pro
1780 1708 1872 1738 hoste

1105 1758 1281 1787 habendus.
1302 1757 1346 1785 111.
1362 1759 1389 1793 1,
1404 1758 1433 1793 5,
1448 1759 1475 1793 1,
1490 1758 1510 1786 3

1067 1808 1163 1838 Hosti
1178 1807 1305 1836 mentiri
1319 1807 1414 1836 licere
1429 1807 1483 1845 qui
1498 1807 1664 1837 senserint.
1697 1806 1740 1837 iii.
1756 1808 1785 1844 1,
1801 1806 1829 1844 6,
1843 1808 1873 1845 1,

1105 1859 1134 1892 2,
1149 1856 1177 1886 &
1194 1858 1240 1892 17,
1256 1858 1272 1885 1

1067 1907 1201 1936 Hostem
1218 1906 1355 1943 spoliare
1371 1915 1411 1934 an
1426 1905 1530 1936 liceat.
1561 1905 1636 1935 Vide
1651 1906 1807 1944 Spoliare.
1828 1905 1873 1937 iii.

1106 1957 1136 1991 5,
1152 1957 1179 1983 1.
1204 1956 1268 1984 Res
1283 1956 1322 1984 ad
1338 1955 1471 1984 Hostem
1486 1955 1588 1984 missae
1605 1956 1732 1993 quando
1747 1958 1779 1984 et
1794 1964 1873 1993 qua-

1107 2007 1200 2033 tenus
1214 2004 1361 2042 intercipi
1376 2005 1508 2042 possint.
1530 2005 1574 2035 iii.
1589 2008 1619 2039 1,
1634 2006 1663 2040 5,
1678 2007 1706 2041 1,
1721 2005 1749 2034 81
1761 2006 1781 2035 3

1068 2053 1186 2082 Hostes
1208 2054 1392 2091 sepeliendi.
1423 2054 1454 2083 ii.
1478 2055 1527 2086 19.
1549 2055 1578 2090 3,
1600 2057 1628 2091 1,
1643 2054 1670 2084 &
1686 2057 1716 2084 2.
1750 2055 1872 2094 (apud)

1107 2111 1175 2131 esse
1185 2106 1330 2140 ,possunt
1344 2103 1398 2141 qui
1413 2112 1476 2131 non
1490 2103 1597 2132 hostili
1612 2103 1676 2132 sint
1690 2104 1805 2133 animo.
1828 2104 1872 2135 iii.

1107 2154 1154 2187 11,
1170 2153 1199 2189 3,
1216 2154 1243 2188 1,
1259 2152 1286 2181 a
1302 2154 1331 2182 2.
1374 2152 1448 2187 Qui.
1476 2153 1519 2180 iii.
1534 2154 1564 2189 3,
1579 2154 1607 2188 1,
1630 2155 1664 2189 13
1687 2153 1719 2183 ii.
1735 2154 1784 2189 15,
1797 2154 1828 2188 5,
1842 2155 1872 2184 2.

1109 2199 1192 2229 Sunt
1213 2204 1245 2229 et
1264 2201 1318 2238 qui
1340 2209 1398 2238 pro
1422 2203 1514 2239 parte
1533 2210 1690 2230 summum
1704 2201 1871 2240 imperium

1108 2248 1239 2278 habent.
1260 2249 1303 2278 iii.
1317 2250 1346 2285 3,
1360 2251 1389 2278 4.
1433 2249 1532 2278 Fiunt
1547 2249 1642 2278 etiam
1658 2251 1711 2288 qui
1731 2250 1873 2289 inaequa-

1108 2297 1182 2326 liter
1196 2298 1344 2326 foederati
1358 2300 1442 2327 sunt.
1466 2298 1543 2328 ibid.
1874 2332 1878 2336 ¹

1070 2347 1220 2376 Hostium
1248 2346 1378 2382 subditi,
1407 2347 1526 2376 hostes.
1560 2347 1604 2377 iii.
1632 2349 1662 2386 3,
1687 2349 1716 2385 9,
1739 2350 1768 2386 3,
1791 2351 1821 2387 4,
1841 2351 1872 2382 6.

1112 2396 1238 2433 Ubique
1252 2395 1457 2426 offenduntur
1465 2396 1539 2442 jure
1553 2397 1640 2426 belli.
1662 2398 1705 2427 111.
1720 2401 1750 2436 4,
1763 2400 1792 2436 8,
1807 2402 1825 2430 1

1457 2566 1485 2596 1.

1074 2643 1214 2673 Jacobus
1245 2644 1430 2674 Patriarcha
1463 2645 1580 2683 probat
1608 2645 1664 2684 jus
1690 2647 1874 2686 acquirendi

1113 2694 1209 2724 bello.
1231 2694 1274 2723 iii.
1288 2694 1318 2731 6,
1334 2696 1361 2730 1,
1377 2696 1394 2723 1

1074 2743 1187 2773 Jacobi
1201 2743 1256 2771 filii
1272 2753 1310 2772 ex
1323 2743 1445 2772 ancillis
1466 2744 1506 2773 ab
1527 2744 1596 2782 ipso
1617 2745 1763 2783 adoptati
1775 2745 1873 2785 injus

1112 2792 1311 2821 succedendi.
1333 2792 1374 2821 iii.
1389 2793 1417 2828 7,
1431 2793 1460 2828 8,
1474 2794 1494 2821 2

1073 2841 1262 2870 Idololatras
1285 2849 1364 2878 quos
1388 2844 1491 2870 morte
1514 2840 1628 2879 puniat
1651 2840 1704 2871 lex
1726 2842 1873 2878 Hebraea.

1111 2891 1144 2920 ii.
1158 2892 1206 2926 20,
1220 2891 1269 2926 47,
1285 2891 1313 2926 2,
1327 2891 1347 2919 4

1072 2941 1267 2970 Idololatriae
1281 2940 1400 2979 species
1416 2943 1448 2971 et
1460 2941 1589 2980 gradus.
1611 2941 1642 2973 ii.
1657 2943 1705 2979 20,
1719 2942 1750 2977 9,
1765 2942 1786 2972 5
