1971 3326
351 200 371 240 1
380 202 433 241 82
856 206 925 240 DE
956 204 1305 241 POSTLIMINIO.
1633 203 1730 248 [Lm.
1746 205 1815 239 III.

348 315 526 374 majores
551 315 737 368 omnino3
776 316 967 366 minores,
994 316 1027 359 si
1050 315 1161 358 intra
1187 314 1502 372 quadriennium
1530 329 1556 357 a
1583 315 1819 372 receptione

349 383 634 435 vindicentur;
660 383 738 425 nisi
759 383 869 439 quod
892 397 1029 425 arcem
1053 382 1160 424 bello
1184 382 1374 424 amissam
1393 386 1435 424 et
1453 382 1819 439 quomodocunque

349 456 638 507 recuperatam
661 449 868 492 retinendi
885 449 955 505 jus
978 464 1054 491 rex
1079 449 1217 491 habet.
1803 462 1806 466 ’

451 517 569 560 XIV.
636 518 659 558 1
708 517 775 558 De
810 516 1028 558 mobilibus
1063 514 1268 572 generalis
1302 513 1345 556 in
1380 514 1632 557 contrarium
1672 515 1819 573 regula

351 588 426 633 est,
455 588 502 625 ut
537 581 785 639 postliminio
821 597 904 624 non
937 582 1125 632 redeant,
1162 582 1234 624 sed
1268 581 1310 623 in
1344 581 1489 638 praeda
1515 581 1621 624 sint:
1654 586 1702 624 ut
1730 581 1819 624 haec

351 649 522 705 opponit
544 650 695 691 Labeo.
762 649 903 700 Quare
927 654 969 691 et
993 648 1235 691 commercio
1260 653 1418 705 parata,
1443 647 1677 704 ubicunque
1701 661 1822 704 repe-

350 716 526 765 riuntur,
558 720 728 758 manent
751 716 850 772 ejus,
874 715 944 771 qui
974 715 1098 758 emit:
1133 730 1208 757 nec
1230 715 1341 771 apud
1365 720 1533 771 pacatos
1556 719 1726 771 reperta
1748 720 1821 756 aut

349 782 461 825 intra
484 782 585 824 fines
608 782 808 839 perducta
826 781 1062 824 vindicandi
1079 782 1148 838 jus
1172 788 1234 824 est
1255 781 1387 824 veteri
1410 781 1587 823 domino.
1659 780 1743 822 Sed
1767 780 1820 822 ab

350 849 428 891 hac
451 849 597 907 regula
619 849 805 891 videmus
837 848 934 890 olim
967 854 1154 905 excepta,
1179 863 1272 904 quae
1293 847 1336 889 in
1360 848 1467 890 bello
1496 863 1614 889 usum
1638 847 1819 890 habent:

350 915 461 972 quod
485 915 577 958 ideo
609 915 807 972 placuisse
842 915 1033 973 gentibus
1064 915 1240 965 videtur,
1265 920 1312 957 ut
1343 913 1617 970 recuperandi
1645 928 1738 970 spes
1765 914 1820 956 ad

351 997 402 1025 ea
447 982 723 1038 comparanda
769 981 990 1024 alacriores
1035 981 1222 1023 homines
1261 980 1473 1023 redderet.
1542 980 1820 1022 Plurimarum

351 1049 460 1091 enim
496 1049 705 1091 civitatum
737 1048 927 1090 instituta
956 1062 1004 1090 eo
1035 1053 1221 1103 tempore
1249 1047 1304 1089 ad
1333 1061 1421 1089 rem
1453 1046 1638 1089 bellicam
1665 1046 1820 1089 refere-

351 1116 529 1158 bantur:
565 1129 696 1170 quare
725 1114 842 1156 facile
876 1113 918 1155 in
947 1115 1024 1155 hoc
1053 1128 1293 1156 consensum
1318 1118 1392 1156 est.
1464 1113 1595 1155 Usum
1619 1118 1756 1155 autem
1777 1113 1820 1154 in

351 1182 457 1224 bello
482 1182 571 1223 haec
607 1181 763 1222 habere
795 1185 1014 1222 censentur
1049 1194 1142 1236 quae
1174 1180 1294 1223 modo
1322 1194 1373 1222 ex
1404 1179 1523 1222 Gallo
1545 1179 1658 1221 AElio
1680 1179 1819 1221 attuli-

349 1263 452 1298 mus,
473 1248 545 1290 sed
569 1261 661 1302 quae
686 1246 914 1290 distinctius
937 1246 1124 1303 exposita
1147 1252 1315 1289 exstant
1338 1251 1424 1289 tum
1447 1246 1558 1303 apud
1579 1245 1819 1288 Ciceronem

132 1328 232 1358 cap-8·
349 1315 392 1357 in
414 1314 586 1371 Topicis,
613 1320 700 1356 tum
724 1313 835 1369 apud
859 1313 1151 1356 Modestinum,
1196 1314 1337 1355 Naves
1361 1312 1513 1355 scilicet
1535 1311 1670 1369 longae
1693 1317 1819 1367 atque

132 1367 165 1422 52³
176 1366 273 1427 021524'
286 1366 320 1390 D’
351 1381 565 1430 onerariae,
607 1394 690 1421 non
727 1379 826 1421 item
870 1379 1034 1422 lusoriae
1075 1385 1149 1423 aut
1187 1379 1395 1429 actuariae‚
1433 1378 1656 1435 voluptatis
1695 1392 1818 1420 causa

350 1453 534 1505 paratae:
560 1446 671 1496 muli,
692 1446 765 1488 sed
789 1445 1018 1489 clitellarii:
1042 1446 1136 1503 equi
1161 1452 1204 1489 et
1221 1461 1351 1502 equae,
1377 1446 1450 1488 sed
1473 1445 1579 1487 freni
1603 1444 1817 1501 patientes.

131 1527 209 1582 {3333
220 1527 313 1582 235<ss
351 1515 410 1557 Et
433 1515 499 1556 hae
523 1528 590 1556 res
614 1518 722 1563 sunt,
748 1527 850 1568 quas
877 1519 920 1556 et
947 1513 1079 1570 legari
1106 1518 1220 1556 recte
1250 1512 1471 1555 voluerunt
1495 1511 1685 1562 Romani,
1711 1517 1754 1553 et
1776 1511 1819 1553 in

132 1589 166 1643 Β·
179 1589 323 1643 ᾖξγξζεὶὲὸ·
351 1580 638 1638 praestationes
661 1579 826 1622 familiae
850 1580 1132 1622 herciscundae
1158 1579 1312 1623 venire.

130 1650 310 1711 gffffflsffim,
453 1649 479 1689 2
527 1648 657 1689 Arma
681 1652 723 1689 et
747 1645 870 1689 vestis
894 1661 1012 1688 usum
1037 1646 1202 1702 quidem
1225 1645 1267 1687 in
1290 1644 1397 1687 bello
1421 1644 1588 1696 habent,
1614 1643 1687 1686 sed
1707 1649 1819 1701 post-

130 1712 200 1737 ΜΝ·
351 1713 504 1756 liminio
536 1728 619 1755 non
653 1712 857 1762 redibant,
895 1712 991 1768 quia
1022 1712 1188 1754 minime
1222 1711 1470 1753 favorabiles
1505 1715 1637 1760 erant,
1674 1710 1744 1766 qui
1776 1711 1820 1752 in

352 1780 460 1823 bello
484 1795 601 1822 arma
624 1785 698 1822 aut
721 1784 876 1821 vestem
901 1778 1167 1821 amitterent:
1195 1778 1275 1819 imo
1299 1777 1341 1820 id
1365 1776 1511 1834 flagitii
1531 1777 1619 1818 loco
1639 1776 1821 1818 habeba-

351 1852 433 1895 tur,
471 1852 517 1888 ut
550 1846 700 1902 passim
735 1845 778 1886 in
809 1844 990 1887 historiis
1025 1850 1212 1902 apparet.
1277 1844 1417 1899 Atque
1451 1843 1494 1884 in
1518 1843 1595 1885 hoc
1622 1848 1821 1885 notantur

352 1926 470 1954 arma
492 1912 546 1954 ab
571 1927 675 1968 equo
698 1911 865 1960 distare,
892 1912 1003 1967 quod
1027 1926 1156 1967 equus
1179 1911 1266 1954 sine
1290 1910 1411 1966 culpa
1434 1908 1582 1966 equitis
1605 1908 1821 1966 proripere

351 2082 530 2123 counties,
555 2080 629 2116 and
653 2080 866 2127 hereditary
887 2081 1152 2126 jurisdictions,
1177 2092 1240 2116 are
1265 2081 1432 2117 restored
1456 2082 1506 2128 by
1530 2081 1822 2127 postliminium3

351 2139 416 2174 the
436 2140 554 2184 major
576 2149 676 2179 ones,
696 2138 924 2184 absolutely3
946 2138 1010 2173 the
1030 2139 1162 2180 minor,
1183 2139 1216 2172 if
1233 2139 1322 2185 they
1343 2150 1405 2174 are
1427 2138 1584 2173 claimed
1605 2139 1733 2173 within
1750 2140 1823 2175 five

351 2208 458 2243 years
479 2196 578 2230 from
602 2195 702 2230 their
718 2205 919 2241 recovery3
941 2199 1073 2241 except
1094 2195 1178 2230 that
1202 2207 1224 2230 a
1244 2196 1330 2238 fort,
1357 2196 1429 2231 lost
1455 2196 1529 2231 and
1550 2197 1737 2242 regained,
1757 2197 1822 2232 the

351 2254 443 2299 king
462 2253 530 2288 has
547 2252 613 2288 the
634 2252 734 2298 right
755 2252 798 2287 of
814 2253 1011 2298 retaining-

423 2311 530 2345 XIV.
585 2313 602 2344 1
636 2309 870 2356 Concerning
890 2310 1111 2351 moveables,
1132 2321 1181 2345 on
1201 2310 1266 2345 the
1288 2309 1396 2345 other
1415 2309 1527 2351 hand,
1559 2310 1624 2345 the
1647 2313 1822 2357 contrary

353 2368 435 2402 rulo
456 2368 495 2401 in
523 2367 675 2413 general
701 2367 831 2402 holds:
859 2367 942 2401 that
964 2367 1054 2413 they
1076 2367 1124 2402 do
1147 2372 1214 2403 not
1237 2371 1368 2402 return
1384 2368 1434 2414 by
1453 2367 1733 2414 postliminium,
1754 2368 1822 2403 but

352 2425 507 2460 become
524 2425 637 2471 prize.
684 2425 814 2459 Hence
832 2424 971 2470 objects
996 2425 1039 2459 of
1056 2425 1184 2467 tmffic,
1210 2425 1397 2460 wherever
1413 2424 1565 2470 bought,
1582 2425 1736 2459 become
1756 2425 1822 2460 the

352 2486 533 2528 property
562 2482 606 2516 of
629 2481 708 2516 him
733 2481 815 2516 who
844 2482 938 2528 buys
958 2481 1081 2516 them:
1114 2482 1188 2516 and
1215 2482 1249 2516 if
1269 2482 1388 2517 found
1415 2493 1550 2528 among
1578 2482 1756 2524 neutrals,
1780 2493 1824 2516 or

353 2539 516 2585 brought
536 2539 659 2580 home,
680 2543 818 2574 cannot
843 2539 890 2574 be
911 2539 1067 2574 claimed
1093 2539 1143 2585 by
1168 2539 1234 2574 the
1262 2539 1324 2574 old
1351 2550 1488 2574 owner.
1539 2539 1615 2574 But
1631 2539 1730 2574 from
1749 2539 1822 2574 this

352 2598 445 2639 rule,
461 2608 557 2631 were
573 2597 753 2642 excepted
767 2597 945 2643 formerly
958 2597 1160 2631 munitioris
1179 2597 1222 2631 of
1233 2608 1323 2639 war3
1344 2596 1409 2631 the
1425 2607 1558 2631 reason
1573 2597 1697 2642 being,
1709 2608 1823 2642 appa-

351 2654 488 2699 rently,
520 2653 603 2688 that
634 2665 720 2688 men
749 2654 868 2700 might
894 2654 941 2688 be
970 2664 1074 2688 more
1106 2654 1226 2689 active
1257 2655 1296 2688 in
1325 2654 1541 2699 recovering
1571 2653 1687 2689 these.
1748 2654 1823 2688 For

351 2721 464 2756 many
485 2714 600 2746 states
616 2710 711 2746 have
732 2711 830 2746 their
846 2711 933 2746 laws
954 2711 1063 2746 made
1085 2711 1284 2758 especially
1300 2710 1389 2746 with
1406 2722 1428 2745 a
1448 2711 1539 2746 view
1560 2714 1599 2745 to
1616 2721 1700 2744 war.
1752 2710 1823 2745 We

351 2766 446 2802 have
463 2768 615 2814 already
632 2768 755 2803 stated
771 2768 870 2803 what
890 2779 953 2803 are
974 2769 1178 2803 munitions
1195 2768 1238 2803 of
1255 2779 1340 2803 war.
1378 2767 1466 2811 [See
1481 2768 1559 2802 also
1578 2767 1718 2808 Cicero,
1735 2765 1821 2809 δια]

422 2828 443 2857 2
474 2824 582 2859 Arms
600 2825 673 2859 and
692 2825 857 2871 clothing
873 2825 967 2860 have
988 2825 1087 2860 their
1103 2837 1168 2861 use
1189 2826 1226 2860 in
1243 2837 1329 2866 war,
1348 2825 1417 2860 but
1441 2825 1515 2859 had
1536 2828 1602 2858 not
1626 2823 1691 2858 the
1711 2823 1822 2869 privi-

352 2879 434 2924 lege
453 2881 494 2914 of
508 2882 798 2925 postliminium3
815 2883 974 2918 because
991 2883 1080 2929 they
1096 2883 1178 2917 who
1195 2883 1267 2918 lost
1284 2882 1388 2917 them
1405 2893 1500 2917 were
1517 2881 1613 2916 little
1629 2880 1821 2922 favoured,

351 2936 489 2970 indeed
515 2948 610 2972 were
638 2939 842 2984 disgraced.
902 2940 988 2974 And
1012 2951 1052 2975 50
1076 2951 1099 2974 a
1122 2940 1232 2975 horse
1256 2940 1286 2974 is
1307 2939 1480 2973 different
1504 2938 1543 2971 in
1573 2937 1646 2972 this
1673 2940 1821 2983 respect

350 2992 449 3028 from
473 3004 596 3035 arms;
625 2994 685 3029 for
708 2995 773 3030 the
799 2996 909 3031 horse
938 3007 1024 3043 may
1050 2996 1098 3031 be
1125 2997 1198 3031 lost
1226 2995 1383 3030 without
1411 2994 1509 3029 fault
1542 2994 1585 3030 of
1610 2993 1675 3029 the
1703 2993 1816 3029 rider.
