1971 3326
118 441 182 472 Cap
195 441 212 465 i.
229 441 294 472 §21.

118 712 176 737 Lib.
190 712 248 736 xiii.
259 712 297 736 24.

116 912 176 937 Lib.
190 911 256 935 xvii.
272 911 311 934 13.

118 1115 181 1146 Cap.
194 1115 232 1140 96.

121 1314 180 1338 Lib.
193 1320 220 1338 v.
230 1314 252 1338 9.

119 1371 189 1396 Hist.
204 1372 239 1396 iv.
252 1372 290 1396 39.

119 1507 160 1530 De
166 1512 234 1536 pace
242 1507 319 1531 Orat.

118 1538 271 1592 itii-,²220

118 1766 134 1789 2
148 1768 210 1796 Res).
224 1766 258 1790 vi.
270 1767 309 1790 22.

116 1909 140 1927 v.
155 1903 209 1927 965.

337 186 420 228 220
503 167 506 170 ’
688 167 1159 229 TEMPERAMENTUM
1190 191 1341 227 effleA
1369 192 1461 228 ‚ms
1618 191 1715 236 [Lm.
1734 184 1809 236 111,

337 301 554 342 resistenti
574 299 781 341 violentia
804 300 1018 347 redditur,
1041 299 1110 339 ita
1132 298 1245 339 victo
1269 299 1335 339 vel
1356 305 1483 353 capto
1504 299 1807 340 misericordia

328 382 428 422 yam
459 367 645 415 debetur,
670 366 856 407 maxime
885 366 934 405 in
958 378 1039 419 quo
1055 364 1188 418 pacis
1210 364 1488 418 perturbatio
1511 378 1595 405 non
1619 365 1806 407 timetur.

339 431 575 487 Xenophon
606 431 658 473 de
688 430 905 487 Agesilao:
942 425 1220 490 προηγόρευε
1244 430 1338 476 τοῖς
1373 447 1671 487 στρατιωταις
1704 448 1806 475 τους

338 495 641 550 ἁλισκομένους
663 516 719 548 μη
753 515 806 542 ως
829 491 998 540 wilmus
1025 495 1324 555 τιμωρεῖσθαι,
1356 492 1458 539 ἀλλ
1483 515 1532 542 ως
1559 491 1807 554 ανθρώπους

338 584 467 610 οντας
504 559 767 623 φυλάσσειν·
799 563 966 603 monuit
999 562 1171 610 milites,
1208 570 1256 603 ut
1291 569 1440 616 captos
1474 576 1558 603 non
1594 570 1808 616 tanquam

338 638 476 672 sontes
502 630 724 684 punirent,
764 629 838 670 sed
875 636 1084 681 tanquam
1117 629 1306 670 homines
1338 629 1613 670 custodirent.
1679 627 1809 683 Apud

340 694 572 738 Diodorum
606 693 786 736 Siculum
815 699 902 736 est:
939 691 1095 740 πάντες
1129 691 1428 738 ἀνατείνονται
1459 691 1537 747 μὲν
1560 690 1668 753 πρὸς
1703 690 1809 740 τούς

337 757 756 810 ἀντιταττομένους,
803 761 962 804 εἴκουσι
1017 754 1062 804 δὲ
1115 761 1211 804 τοῖς
1257 757 1617 805 ὑποπεπτωκόσι·
1669 774 1810 802 omncs

341 827 520 883 (Graeci)
558 835 775 883 opponunt
802 841 846 868 se
874 828 1227 882 repuynantibus,
1253 834 1449 882 parcunt
1470 827 1570 881 ¹jam
1603 827 1807 868 subactis.

338 894 496 936 Eodem
520 892 659 949 judice
689 892 950 941 Macedones,
982 892 1053 948 qui
1087 893 1164 934 sub
1199 892 1453 941 Alexandro,
1489 889 1755 952 πικρότερον
1782 887 1807 943 ἢ

339 956 693 1019 πολεμικώτερον
730 955 1070 1018 προσεφέροντο
1102 967 1195 1004 τοῖς
1230 957 1455 1011 Θηβαίοις,
1491 959 1688 1000 acerbius
1722 972 1809 1012 eqe-

338 1035 442 1068 rant
465 1041 562 1069 cum
591 1027 809 1068 Thebanis
832 1040 964 1080 quam
988 1025 1086 1067 belli
1096 1026 1180 1079 fas
1190 1025 1380 1079 ferebat.

439 1094 466 1134 2
513 1090 731 1133 Sallustius
760 1090 934 1132 historia
956 1091 985 1131 J
989 1089 1226 1146 ugurthina‚
1258 1104 1350 1132 cum
1375 1090 1553 1146 puberes
1576 1095 1669 1146 post
1697 1088 1811 1132 dedi-

336 1157 491 1201 tionem
514 1156 752 1199 interfectos
775 1161 997 1205 narrasset,
1022 1156 1174 1197 factum
1200 1155 1259 1198 ait
1287 1161 1431 1198 contra
1448 1156 1517 1212 jus
1539 1156 1663 1199 belli:
1698 1155 1810 1211 quod

336 1223 627 1280 interpretare,
653 1227 797 1264 contra
819 1221 927 1277 aequi
949 1227 1143 1264 naturam
1168 1227 1210 1264 et
1231 1236 1387 1264 morem
1411 1222 1549 1265 mitius
1572 1221 1808 1264 viventium.

337 1289 463 1346 Apud
487 1288 747 1331 Lactantium
766 1294 853 1330 est:
873 1290 1083 1343 parcitur
1103 1289 1242 1338 victis,
1263 1297 1302 1331 et
1328 1296 1389 1330 est
1408 1290 1523 1331 locus
1543 1290 1657 1331 inter
1681 1303 1811 1330 arma

337 1357 582 1398 clementioe.
653 1354 816 1396 Laudat
862 1353 1029 1397 Tacitus
1070 1353 1255 1396 Primum
1302 1354 1526 1396 Antonium
1567 1360 1610 1396 et
1650 1355 1810 1396 Varum

338 1421 561 1464 Flavianos
599 1420 735 1469 duces
775 1420 885 1476 quod
920 1419 962 1461 in
999 1420 1203 1462 neminem
1249 1420 1360 1462 ultra
1396 1420 1524 1462 aciem
1565 1420 1809 1462 saeviissent.

339 1487 568 1530 Aristides:
604 1481 766 1547 ἀνδρῶν
793 1483 888 1546 ’γάρ
921 1483 1022 1530 ἐστι
1052 1483 1143 1529 καθ’
1174 1483 1277 1537 ὑμᾶς
1308 1483 1391 1538 τήν
1420 1484 1568 1547 φύσιν,
1599 1484 1700 1532 τούς
1733 1482 1811 1536 μὲν

338 1550 670 1606 ἀνθεστηκότας
702 1553 952 1611 κατείργειν
984 1553 1076 1599 τοῖς
1108 1549 1277 1599 ὅπλοις·
1307 1552 1409 1599 τούς
1440 1548 1473 1596 δ’
1500 1548 1810 1597 ὑποπεσόντας

338 1617 472 1673 ἠπίως
489 1615 888 1680 μεταχειρίζεσθαι·
911 1620 1130 1660 hominum
1144 1626 1204 1660 est
1220 1620 1359 1660 nostri
1372 1620 1552 1674 inqenii,
1569 1620 1809 1661 resistentes

338 1688 475 1728 armis
498 1693 695 1734 coercere,
717 1693 962 1739 prostratos
988 1692 1179 1727 tractare
1205 1685 1366 1727 leniter.

439 1753 505 1794 De
527 1750 701 1807 captivis
727 1750 934 1806 propheta
962 1750 1134 1791 Elisaeus
1157 1764 1301 1807 regem
1333 1748 1532 1791 Samariae
1559 1748 1615 1790 sie
1639 1749 1809 1805 alloqui-

337 1823 432 1860 tur:
471 1833 530 1859 an
552 1832 655 1873 quos
684 1818 879 1872 captivos
907 1817 1149 1865 abduceres,
1174 1817 1324 1872 yladio
1351 1824 1421 1858 tuo
1448 1824 1488 1858 et
1511 1830 1620 1857 arcu
1647 1824 1718 1858 tuo
1742 1830 1809 1858 eos

337 1883 639 1926 interimeres?
672 1882 783 1938 apud
805 1881 1045 1937 Euripidem
1069 1882 1111 1923 in
1135 1881 1368 1923 Heraclidis
1392 1881 1593 1937 quaerenti
1615 1881 1772 1931 nuntio,

569 1962 726 1996 Hostem
747 1961 932 2006 perimere
954 1965 1077 1996 vestra
1096 1961 1156 1996 lex
1178 1972 1265 2007 ergo
1287 1961 1413 1996 vetat?

394 2069 410 2090 <¹
435 2068 578 2107 Captivis
592 2065 742 2105 parcere]
773 2065 973 2103 Capitolinus
992 2065 1039 2095 M.
1105 2065 1192 2094 anda
1219 2065 1351 2104 deditio]
1395 2066 1531 2095 Romani
1559 2066 1673 2102 Persis,
1699 2066 1752 2104 qui
1776 2066 1807 2094 in

335 2119 523 2149 Antonino:
545 2117 718 2155 (equitatem
738 2115 831 2144 eiiam
855 2114 942 2143 circa
964 2124 1039 2152 cap·
1105 2123 1177 2142 arce
1206 2114 1310 2142 Petrae
1348 2117 1448 2149 erant,
1485 2114 1571 2151 apud
1605 2114 1808 2152 Procopium,

335 2171 385 2198 tos
399 2168 498 2196 hostes
513 2166 687 2196 custodivit.
709 2165 804 2203 (Cap.
819 2164 880 2201 24.)
1110 2162 1215 2192 Gotth.
1234 2172 1279 2191 1v.
1296 2163 1337 2193 ὠς
1358 2163 1450 2201 ἡμεῖς
1472 2164 1552 2202 ὑμᾶς
1571 2175 1613 2202 ’γε
1635 2164 1687 2192 καὶ
1710 2163 1807 2202 ζυγο-

396 2224 409 2238 ‘2
435 2218 536 2246 Vitam
550 2217 671 2246 salvam
680 2214 914 2253 paciscentium,
929 2212 992 2241 siz-e
1008 2213 1039 2240 in
1104 2213 1296 2250 μαχοῦντας
1319 2214 1537 2251 οἱκτείρομεν,
1564 2214 1617 2242 καὶ
1640 2211 1806 2242 θανατών-

332 2267 455 2306 pra-lio,
482 2267 547 2296 sive
573 2267 606 2295 in
633 2264 801 2299 obsidione,
824 2272 884 2292 non
912 2262 1038 2300 repudi·
1103 2274 1172 2291 των
1208 2262 1402 2301 φειόόμεθα,
1435 2263 1489 2291 καὶ
1523 2262 1607 2301 πρὸς
1640 2262 1700 2291 τὸν
1732 2261 1806 2299 βίον

410 2436 432 2466 2
462 2431 584 2466 When
616 2431 755 2466 Sallust
782 2442 875 2477 says,
899 2430 981 2464 that
1006 2430 1056 2463 all
1081 2429 1145 2463 the
1170 2439 1256 2462 men
1280 2438 1375 2462 were
1403 2426 1497 2461 slain
1517 2425 1615 2460 after
1639 2424 1703 2460 the
1724 2435 1807 2460 sur-

336 2489 484 2531 render,
505 2489 552 2523 he
570 2488 674 2529 adds,
690 2494 861 2533 contrary
882 2493 915 2521 to
934 2488 987 2521 tlzc
1002 2488 1111 2520 Laws
1132 2487 1179 2530 of
1197 2486 1313 2520 W‘ar:
1335 2484 1418 2519 that
1438 2484 1479 2524 is,
1491 2487 1665 2528 contrary
1684 2486 1724 2516 to
1741 2482 1807 2516 the

336 2557 493 2580 manner
514 2546 557 2580 of
577 2545 740 2580 humane
760 2545 921 2579 nations.
971 2544 1021 2578 So
1043 2544 1273 2577 Lactantius.
1324 2542 1374 2576 So
1393 2540 1544 2575 Tacitus
1566 2539 1609 2574 of
1621 2539 1806 2574 Antonius

337 2604 412 2638 and
433 2604 567 2638 Varus.
617 2603 667 2637 So
688 2602 880 2637 Aristides.

405 2659 534 2695 Elisha
556 2659 621 2694 the
648 2659 810 2705 prophet
837 2669 920 2704 says
941 2661 980 2692 to
1008 2657 1073 2692 the
1095 2657 1186 2702 king
1211 2656 1255 2691 of
1277 2655 1457 2695 Samaria,
1488 2657 1510 2688 2
1528 2654 1649 2699 Kings
1665 2653 1713 2687 vi.
1734 2656 1802 2687 22:

343 2717 523 2752 lVouchst
560 2717 643 2751 thou
672 2717 771 2751 smite
801 2717 891 2751 those
919 2716 1034 2749 whom
1070 2715 1153 2748 thou
1191 2714 1269 2748 least
1308 2712 1413 2747 taken
1451 2711 1586 2756 captive
1621 2710 1706 2744 with
1745 2710 1807 2754 thy

338 2775 457 2808 sword
486 2774 562 2807 and
584 2773 669 2808 with
690 2774 750 2819 thy
775 2773 880 2808 bow?
926 2773 976 2806 So
1002 2771 1041 2805 in
1061 2770 1270 2815 Euripides.
1320 2770 1370 2803 So
1394 2768 1459 2803 the
1483 2767 1705 2813 Byzantines
1730 2765 1804 2799 and

340 2829 636 2864 Chalcedonians
657 2841 721 2865 are
738 2830 817 2865 said
838 2834 877 2864 to
898 2829 992 2864 have
1014 2828 1111 2862 done
1132 2831 1209 2861 acts
1228 2826 1271 2861 of
1290 2825 1570 2869 extraordinary
1591 2822 1746 2868 eruelty,
1765 2822 1804 2854 in

337 2885 470 2930 killing
490 2887 666 2931 captives.
703 2887 789 2921 And
806 2891 845 2921 to
866 2897 975 2931 spare
992 2885 1166 2931 captives,
1183 2884 1212 2918 is
1230 2894 1252 2917 a
1269 2893 1440 2918 common
1458 2881 1538 2915 law.
1579 2880 1629 2913 So
1651 2879 1805 2918 Seneca,

338 2941 491 2987 already
509 2943 660 2987 quoted.
699 2942 784 2977 And
802 2943 909 2978 when
930 2954 952 2977 a
971 2941 1136 2988 general,
1159 2939 1415 2976 embarrassed
1431 2938 1481 2984 by
1503 2935 1568 2972 the
1585 2934 1744 2970 number
1765 2934 1809 2969 of
