1971 3326
957 337 1147 381 CAPUT
1180 339 1277 380 XX.

372 449 441 484 DE
467 450 588 485 FIDE
614 449 836 485 PUBLIOA
863 449 968 491 QUA
993 452 1205 487 BELLUM
1230 452 1458 492 FINITUR,
1487 451 1578 487 UBI
1602 451 1671 486 DE
1697 449 1843 486 PAOIS

455 507 725 548 PACTIONE,
755 507 824 541 DE
857 507 1034 549 SORTE,
1063 509 1132 543 DE
1165 509 1463 544 CERTAMINE
1496 508 1769 550 CONDICTO,

606 564 676 598 DE
706 564 966 606 ARBITRIO,
996 565 1297 608 DEDITIONE,
1329 565 1615 606 OBSIDIBUS,

940 622 1272 658 PIGNORIBUS.

470 722 502 757 I.

458 836 509 873 ΙΙ.

452 950 523 985 111.

443 1063 510 1099 IV.

444 1464 511 1499 VI.

439 1636 526 1671 VII.

423 1864 529 1897 VIII.

438 1976 509 2011 IX.

440 2316 511 2352 XI.

430 2430 520 2465 XII.

419 2658 529 2693 XIII.

418 2881 524 2917 XIV.

602 722 704 757 Fidei
720 722 811 757 inter
831 723 938 757 hostes
952 723 1075 758 divisio

603 779 654 813 ad
673 780 832 814 ordinem
848 781 1072 825 sequentium.

599 836 733 870 Pacem
755 837 882 881 fucere
911 837 950 871 in
980 838 1074 883 reyio

601 898 698 927 statu
714 905 780 928 esse
796 893 896 939 reyis.

605 950 703 992 Quid
725 951 755 984 si
779 962 841 985 rea:
865 951 909 984 sit
934 951 1072 996 iusum,

591 1007 772 1052 ficriosus,
787 1008 957 1053 captivus,
970 1009 1074 1042 erui?

594 1064 642 1097 Ιη
658 1075 850 1109 procerum
870 1071 933 1098 aut
944 1066 1075 1111 populi

600 1127 697 1155 statu
705 1122 768 1166 jus
779 1122 1073 1168 paeisficez'endoe

599 1189 666 1212 esse
676 1189 782 1223 penes
796 1179 930 1224 plures.

600 1235 781 1278 Quomodo
802 1236 992 1281 imperium
1009 1243 1073 1271 dut

597 1304 689 1338 pars
714 1293 867 1337 imperii,
892 1299 957 1327 aut
972 1295 1074 1339 refsni

599 1351 690 1383 bona
707 1350 812 1394 pacis
832 1362 940 1385 eausa
957 1351 1072 1386 valide

599 1407 811 1442 alienentur.

599 1464 781 1507 Quatenus
812 1476 854 1500 ex
883 1477 973 1511 paee
1003 1477 1072 1511 per

595 1523 821 1569 reyemsaetd
834 1523 991 1567 populus
1007 1529 1071 1558 aut

597 1590 801 1613 successores
818 1584 1013 1614 teneantur.

600 1636 672 1670 Res
715 1636 938 1670 subditorum
982 1648 1070 1683 paee

598 1693 736 1727 concedi
754 1704 851 1738 posse
872 1694 912 1727 ob
933 1693 1070 1728 utilita-

598 1755 665 1784 tem
689 1750 884 1795 publicam,
907 1751 966 1784 sed
989 1763 1070 1785 eum

594 1818 695 1841 onere
707 1808 833 1841 dammi
845 1808 1069 1842 resarciendi.

592 1864 690 1906 Quid
706 1865 745 1898 de
761 1865 862 1899 rebus
877 1865 960 1910 jum
984 1865 1069 1899 bello

596 1920 744 1953 amissis.

591 1976 676 2010 Non
702 1977 873 2021 distinqui
904 1977 958 2011 liic
978 1977 1070 2012 inter

597 2033 747 2078 qucesitu
758 2033 842 2078 jure
860 2034 1018 2078 yentium
1039 2041 1069 2069 et

589 2091 673 2136 jure
690 2089 794 2124 civili.

600 2147 795 2180 Utilitatem
816 2147 1000 2192 publicam
1025 2160 1064 2183 α-

591 2204 673 2248 pud
700 2209 856 2238 externos
878 2217 950 2250 pro
977 2218 1067 2251 pro-

596 2261 681 2294 bata
705 2261 834 2295 haberi.

593 2317 735 2362 Reyulu
746 2318 919 2362 yeneralis
932 2319 968 2353 in
975 2331 1067 2365 pace

595 2373 875 2419 interpretanda.

591 2431 639 2465 In
666 2431 771 2465 dubio
799 2431 895 2466 credi
920 2443 1064 2467 eonven-

594 2494 681 2529 tum,
721 2494 761 2522 ut
800 2500 854 2522 res
897 2496 1066 2524 maneant

593 2557 660 2590 quo
673 2551 755 2579 sunt
773 2545 856 2586 loco,
873 2546 967 2590 quod
981 2558 1065 2591 quo-

592 2603 695 2636 modo
712 2602 966 2647 accipiendum.

596 2658 694 2701 Quid
723 2659 754 2692 si
786 2659 992 2699 convenerit,
1024 2666 1064 2694 ut

593 2715 830 2749 restituantur
868 2715 990 2749 omniu
1025 2717 1065 2750 iu

589 2783 668 2806 eum
699 2777 841 2812 statum,
879 2784 946 2817 quo
983 2778 1064 2807 ante

592 2828 719 2862 bellum
729 2829 915 2873 fuerant?

593 2885 703 2925 Tune,
720 2885 792 2929 qui,
805 2885 966 2931 suijuris
982 2897 1062 2920 cum

590 2947 707 2982 essent,
737 2947 857 2985 sponte
888 2953 923 2975 se
952 2942 1063 2976 alicui

1209 781 1296 816 XV.

1201 895 1306 929 XVI.

1189 1008 1315 1042 XVII.

1180 1179 1326 1214 XVIII.

1197 1293 1306 1328 XIX.

1205 1522 1295 1557 XX.

1195 1636 1305 1673 XXI.

1184 1806 1314 1842 XXII.

1175 1864 1325 1899 XXIII.

1172 1921 1319 1956 XXIV.

1182 2092 1307 2128 XXV.

1174 2150 1319 2184 XXVI.

1161 2321 1328 2356 XXVII.

1147 2489 1332 2525 XXVIII.

1170 2660 1320 2694 XXIX.

1177 2773 1307 2808 XXX.

1373 724 1602 770 subjecerunt,
1621 735 1694 758 nou
1709 724 1821 759 reddi.

1371 781 1525 815 Damna
1557 781 1642 815 bello
1675 782 1763 815 data
1791 793 1846 816 re-

1374 838 1483 872 missa
1508 838 1547 871 in
1570 838 1674 872 dubio
1691 838 1821 873 censeri
1831 851 1844 877 ,·

1368 895 1453 928 Non
1469 895 1575 928 etiam
1589 906 1668 939 quoe
1682 901 1762 929 ante
1778 895 1847 930 bel-

1371 952 1445 985 lum
1453 951 1608 996 privatis
1621 953 1843 988 debebantur.

1372 1009 1508 1042 Poenas
1534 1009 1651 1049 etium,
1671 1015 1752 1043 ante
1777 1010 1846 1044 bel-

1374 1066 1451 1099 lum
1472 1066 1612 1111 publice
1636 1067 1778 1107 debitas,
1804 1067 1845 1101 in

1372 1123 1477 1156 dubio
1494 1123 1656 1157 remissas
1672 1124 1810 1158 censeri.

1374 1179 1472 1222 Quid
1501 1180 1541 1213 de
1563 1180 1648 1226 jure
1677 1181 1842 1225 privato-

1371 1249 1455 1270 rum
1480 1237 1530 1270 ad
1547 1237 1704 1282 poenus?

1366 1294 1434 1328 Jus
1472 1295 1567 1339 quod
1602 1300 1682 1329 ante
1713 1294 1841 1329 bellum

1364 1351 1504 1396 publice
1514 1352 1771 1393 obtendebatur,
1783 1352 1843 1387 sed

1370 1414 1629 1443 controversum
1640 1415 1727 1450 erat,
1726 1410 1842 1457 facile

1370 1465 1500 1500 censeri
1519 1466 1713 1501 remissum.

1372 1522 1489 1568 Capta
1513 1528 1595 1567 post
1615 1534 1740 1568 pacem
1760 1523 1841 1558 red-

1369 1580 1498 1614 denda.

1363 1636 1421 1670 De
1446 1642 1554 1681 paeto
1574 1637 1840 1672 reddendarum

1366 1705 1500 1732 rerum,
1521 1706 1601 1739 quae
1623 1695 1707 1728 bello
1725 1701 1840 1740 captae

1366 1756 1460 1791 sunt,
1476 1751 1608 1795 reyuloe
1625 1752 1802 1796 quaedam.

1365 1807 1423 1841 De
1428 1808 1624 1852 fructibus.

1364 1864 1422 1898 De
1433 1865 1633 1899 nominibus
1642 1865 1835 1910 reqionum.

1366 1921 1424 1955 De
1440 1922 1608 1956 relatione
1625 1922 1675 1955 ad
1689 1928 1839 1966 pactum

1367 1980 1588 2013 cmteceolens:
1613 1985 1644 2014 et
1662 1979 1703 2013 de
1721 1990 1758 2013 eo
1770 1991 1839 2026 per

1367 2047 1468 2081 quem
1487 2036 1587 2070 stetit.

1365 2093 1422 2127 De
1442 2105 1557 2127 mora.

1364 2149 1412 2183 In
1439 2150 1544 2184 dubio
1572 2150 1835 2196 interpretatio-

1363 2218 1443 2241 ‘nem
1461 2207 1678 2251 faciendam
1710 2213 1836 2242 eontra

1363 2274 1453 2303 eum,
1471 2264 1532 2308 qui
1552 2264 1636 2308 Zeyes
1651 2265 1756 2298 dedit.

1357 2319 1654 2365 Distiuyuuntum
1703 2332 1834 2354 novam

1361 2376 1445 2410 bello
1482 2388 1629 2410 causam
1663 2378 1834 2422 praebere,

1361 2439 1392 2467 et
1407 2445 1533 2478 pacem
1549 2445 1724 2479 rumpere.

1360 2490 1541 2532 Quomodo
1554 2497 1835 2536 rumpatur-pam

1351 2547 1524 2591 faciendo
1537 2553 1662 2581 eontra
1675 2548 1724 2589 id,
1740 2548 1836 2593 quod

1360 2604 1458 2637 omni
1471 2604 1560 2648 paci
1579 2604 1676 2638 inest.

1367 2660 1464 2702 Quid
1490 2661 1521 2694 si
1547 2660 1632 2694 socii
1647 2660 1719 2695 vim
1737 2660 1833 2695 intu-

1361 2717 1466 2750 lerint
1478 2716 1496 2750 ?

1360 2773 1458 2816 Quid
1472 2773 1503 2807 si
1521 2773 1674 2808 subditi:
1694 2778 1726 2808 et
1745 2784 1830 2818 quo-

1359 2831 1462 2864 modo
1474 2841 1595 2864 eorum
1603 2831 1752 2875 factum
1764 2840 1832 2873 ap-

1352 2887 1547 2931 probatum
1597 2885 1726 2920 censeri
1771 2885 1831 2919 de-

1361 2943 1436 2975 beat
1448 2942 1467 2974 2
