1971 3326
217 216 301 257 434

264 340 358 375 capta
378 345 435 365 sua
454 335 583 364 faciant.
605 334 648 363 iii.
673 335 721 370 18,
743 334 771 369 1,
796 334 824 362 3.
868 331 919 360 De
940 330 1025 359 bello

265 387 377 424 captis,
405 386 532 424 quando
557 384 653 421 hosti,
678 382 805 422 quando
829 380 950 410 civitati
976 381 1025 407 te-

265 438 411 465 neantur.
436 435 480 464 iii.
496 436 543 471 18,
558 436 586 471 2,
601 436 619 463 2

228 486 365 522 Privatis
388 485 578 516 Christianis
600 493 640 513 an
660 483 755 512 liceat
776 480 889 520 punire
905 477 1027 508 malefi-

270 545 334 565 cos.
358 536 391 566 ii.
405 537 454 572 20,
469 535 507 565 16

230 585 361 616 Privata
374 594 469 614 causa
483 593 554 613 cum
569 581 698 621 publica
717 580 750 608 in
771 578 855 608 bello
877 576 1030 616 conjungi

272 637 389 674 potest.
413 634 432 664 i.
450 635 480 670 5,
496 636 513 663 1

231 686 366 714 Privatae
378 682 608 713 interfectionis
624 679 780 719 exempla.
804 678 836 707 ii.
852 679 902 714 20,
915 677 944 713 9,
958 678 977 706 5

231 734 404 773 Privilegia
418 733 577 772 quomodo
589 729 840 770 interpretanda.
858 728 888 756 ii.
902 729 951 766 18,
964 728 992 763 4,
1001 727 1030 756 4.

273 785 353 820 Quae
367 784 430 813 late
446 781 695 820 interpretanda.
720 780 763 808 iii.
778 780 825 815 21,
841 779 880 807 14

233 835 398 864 Prohibita
432 843 496 862 non
530 841 655 870 semper
685 831 780 860 etiam
813 828 913 857 irrita.
942 827 974 857 ii.
1003 827 1033 862 5,

272 884 322 920 16,
339 885 356 913 1

234 935 395 965 Promissa
408 934 520 970 multa,
534 943 605 972 quae
622 935 735 962 natura
751 932 867 968 valent,
888 932 939 960 lex
959 929 1034 960 civi-

274 985 313 1014 lis
333 985 424 1014 irrita
443 984 529 1013 facit.
553 983 584 1012 ii.
603 985 652 1019 11,
667 984 696 1019 8,
711 984 741 1012 3.
785 982 865 1017 Quae
883 981 955 1019 plus
976 989 1035 1008 no-

275 1038 348 1064 cent
369 1033 569 1072 promittenti
595 1042 690 1070 quam
711 1032 803 1060 alteri
826 1033 972 1070 prosunt,
995 1039 1035 1058 an

274 1085 464 1123 praestanda.
487 1084 520 1114 ii.
538 1085 584 1119 ll,
607 1085 634 1119 1,
658 1085 693 1119 13
724 1081 752 1111 δι
775 1091 843 1120 cap.
860 1081 907 1117 16,
933 1081 982 1118 27,
1005 1081 1035 1109 2.

276 1134 486 1169 Favorabilia,
500 1133 619 1168 odiosa,
633 1132 734 1161 mixta
748 1132 797 1161 vel
812 1131 924 1160 media.
941 1130 972 1159 ii.
988 1130 1036 1166 16,

278 1188 330 1216 10.
363 1185 503 1223 Regum.
532 1183 605 1213 Vide
619 1183 737 1221 Reges,

238 1235 391 1265 Promissi
414 1243 494 1263 onus
514 1234 547 1262 in
572 1233 773 1262 commodum
796 1232 884 1261 tertii
905 1231 1037 1270 adjunc-

278 1289 358 1321 tum,
373 1284 449 1323 quid
464 1286 624 1322 operetur.
648 1283 679 1312 ii.
697 1285 745 1319 11,
761 1282 798 1313 19

239 1335 410 1364 Promissio
435 1343 498 1363 non
523 1333 624 1362 omnis
648 1333 733 1361 tollit
756 1341 914 1360 summum
937 1332 1038 1369 impe-

278 1385 370 1414 rium.
391 1384 412 1412 i.
434 1385 463 1420 3,
487 1383 534 1420 16,
564 1385 592 1411 1.
634 1383 678 1411 Ut
706 1382 809 1411 valeat
833 1381 1037 1419 acceptanda.

279 1435 311 1464 ii.
328 1437 377 1473 11,
393 1435 440 1464 14.
485 1434 576 1463 Illius
591 1433 768 1471 acceptatio
787 1432 948 1470 quomodo
966 1430 1039 1460 fiat:

281 1488 314 1514 et
341 1494 381 1513 an
409 1484 607 1513 innotescere
636 1483 750 1511 debeat
784 1481 977 1519 promissori,
1004 1483 1040 1509 ut

281 1535 455 1573 perfectam
473 1533 535 1562 vim
554 1533 669 1561 habeat
686 1531 861 1570 promissio.
883 1530 914 1561 ii.
931 1532 978 1566 11,
993 1531 1040 1559 15.

281 1585 334 1614 An
344 1583 529 1613 revocabilis
538 1585 611 1611 ante
623 1581 873 1619 acceptationem
887 1590 894 1609 z
910 1582 942 1609 et
957 1588 1040 1608 mor-

282 1637 338 1663 tuo
353 1636 427 1662 ante
442 1631 693 1670 acceptationem
709 1629 922 1668 promissario.
944 1629 974 1657 ii.
993 1630 1040 1665 11,

282 1684 330 1714 16.
372 1684 425 1712 An
448 1682 589 1711 revocari
608 1680 709 1719 possit
728 1683 854 1709 mortuo
873 1679 1040 1708 internun-

282 1734 346 1762 tio:
382 1732 457 1761 item
486 1734 612 1760 mortuo
642 1729 816 1758 tabellario.
851 1729 883 1759 ii.
914 1730 962 1764 11,
992 1728 1040 1757 17.

279 1783 343 1812 Per
357 1781 537 1810 ministrum
551 1781 637 1809 facta
651 1780 778 1817 quando
793 1777 989 1807 revocabilis.
1010 1777 1042 1805 ii.

282 1834 331 1868 11,
354 1832 401 1868 17,
425 1833 453 1860 1.
494 1830 585 1859 Facti
609 1829 704 1858 alieni
729 1828 804 1866 quid
828 1830 987 1865 operetur.
1012 1826 1043 1856 ii.

281 1883 329 1918 11,
343 1883 391 1909 22.
434 1880 586 1917 Requirit
602 1888 694 1908 usum
714 1878 846 1907 rationis
861 1877 892 1906 in
909 1876 1044 1915 promit-

281 1933 380 1960 tente.
402 1929 433 1958 ii.
450 1930 498 1964 11,
512 1930 540 1958 5.
583 1928 622 1956 In
638 1936 743 1957 errore
764 1927 898 1955 fundata
916 1927 1044 1964 quando

282 1981 416 2016 dicatur,
442 1982 475 2008 et
498 1978 574 2016 quid
599 1979 760 2015 operetur.
782 1976 816 2006 ii.
840 1978 888 2012 11,
912 1976 942 2005 6.
984 1976 1046 2005 Rei

284 2028 403 2057 illicitae
418 2036 481 2055 non
496 2026 590 2055 valet.
614 2025 649 2054 ii.
664 2026 712 2061 11,
727 2025 757 2062 8,
773 2025 802 2053 1.
844 2023 945 2060 Facti,
961 2024 1046 2062 quod

281 2087 365 2107 nunc
393 2077 426 2106 in
455 2079 615 2115 potestate
641 2074 859 2113 promittentis
888 2083 953 2103 non
987 2076 1046 2109 est,

284 2128 362 2167 quid
384 2127 500 2156 valeat.
520 2126 553 2154 ii.
570 2127 618 2161 11,
631 2126 661 2160 8,
679 2126 707 2154 2.
751 2124 801 2152 Ex
823 2126 923 2152 metu.
945 2122 975 2152 ii.
999 2125 1047 2159 11,

284 2178 314 2208 7.
358 2177 411 2207 Ob
434 2185 561 2205 causam
586 2177 661 2203 ante
685 2173 825 2202 debitam
848 2182 888 2202 an
914 2173 1046 2211 obliget.

285 2228 317 2258 ii.
332 2229 380 2263 11,
396 2228 442 2256 10.
484 2225 633 2254 Perfecta
648 2224 734 2262 quid,
751 2226 783 2252 et
801 2233 895 2262 quam
912 2224 973 2252 vim
990 2224 1047 2252 ha-

285 2279 372 2307 beat.
393 2276 426 2305 ii.
446 2278 496 2311 11,
511 2276 540 2311 4,
564 2276 593 2304 1.
634 2274 761 2303 Novum
778 2273 832 2311 jus
846 2274 979 2302 confert.
1002 2273 1047 2302 iii.

286 2329 334 2364 18,
359 2329 389 2357 1.
429 2326 480 2355 De
509 2334 573 2353 non
600 2323 753 2363 fugiendo
782 2332 800 2351 a
829 2323 934 2351 vincto
963 2323 1049 2352 facta.

285 2378 381 2407 valet.
405 2376 448 2405 iii.
464 2377 513 2412 23,
527 2377 558 2404 8.
601 2374 779 2403 Redeundo
800 2374 833 2402 in
855 2376 977 2402 certum
998 2374 1050 2402 lo-

286 2437 368 2464 cum,
383 2430 415 2456 et
430 2427 468 2456 de
484 2434 548 2454 non
563 2423 739 2460 militandO,
755 2423 839 2452 hosti
853 2423 939 2452 facta
953 2422 1046 2452 valet.

288 2478 331 2506 iii.
344 2478 395 2512 23,
411 2477 428 2506 7

248 2526 477 2556 Promissiones
499 2533 625 2554 causam
648 2533 828 2562 expressam
849 2532 912 2552 non
928 2522 1049 2551 haben-

289 2581 336 2606 tes
350 2576 539 2605 naturaliter
553 2575 670 2604 valent.
695 2575 725 2604 ii.
743 2577 791 2612 11,
808 2576 845 2603 21

248 2626 454 2657 Promissioni
482 2635 562 2654 onus
589 2625 682 2663 adjici
712 2625 840 2663 quando
871 2624 981 2662 possit.
1018 2623 1052 2653 ii.

291 2678 339 2714 11,
354 2678 392 2708 19

248 2727 470 2758 Promissionis
492 2727 626 2756 materia
648 2726 750 2764 qualis
774 2733 842 2754 esse
865 2724 989 2753 debeat.
1018 2723 1050 2753 ii.

291 2778 339 2813 11,
353 2777 382 2812 8,
398 2778 426 2806 1.
470 2776 534 2806 Vis.
568 2776 601 2804 ii.
616 2777 664 2811 11,
676 2777 706 2813 1,
720 2776 751 2810 3,
766 2776 785 2803 4

250 2827 444 2856 Promissum
470 2827 511 2854 ob
534 2834 660 2854 causam
685 2828 812 2862 turpem
836 2833 877 2852 an
898 2826 1054 2862 praestan-

290 2877 375 2905 dum.
396 2876 428 2903 ii.
445 2877 493 2912 11,
507 2877 536 2911 8,
551 2877 579 2912 1,
593 2876 612 2905 9

251 2925 464 2955 Promittendi
479 2925 591 2953 modus
609 2925 691 2963 quis.
712 2925 744 2953 ii.
760 2927 810 2961 11,
826 2926 862 2953 11

250 2973 447 3004 Promittens
462 2976 549 3002 metu
564 2982 604 3002 an
619 2976 777 3003 teneatur.
800 2973 832 3003 ii.
849 2974 896 3008 11,
911 2973 928 3002 7

649 217 817 253 INDEX
845 215 1030 251 RERUM
1059 211 1463 251 PRAECIPUARUM,

1092 328 1326 366 Prophetarum
1355 326 1440 354 dicta
1460 325 1499 354 de
1527 333 1604 362 pace
1632 323 1690 352 sub
1717 320 1895 361 Evangelio

1135 388 1229 417 quem
1245 386 1370 407 sensum
1385 377 1533 405 habeant.
1555 375 1575 404 i.
1590 376 1618 410 2,
1633 375 1662 410 8,
1677 375 1694 402 1

1094 428 1265 467 Propertio
1280 426 1493 457 Arithmetica
1507 428 1540 455 et
1556 424 1758 455 Geometrica
1771 432 1812 452 an
1822 431 1899 461 pro-

1134 479 1204 517 prie
1228 478 1427 515 distinguant
1443 475 1603 514 justitiam
1631 473 1838 512 expletricem
1867 474 1900 502 et

1136 528 1379 558 attributricem.
1402 527 1424 557 i.
1440 528 1468 563 1,
1482 527 1512 562 8,
1525 527 1544 554 2

1097 579 1269 618 Propositi,
1283 579 1431 616 impetus,
1448 579 1480 606 et
1495 585 1584 605 casus
1600 574 1771 605 distinctio.
1794 573 1837 603 iii.
1851 574 1901 610 11,

1137 632 1165 667 4,
1181 630 1200 660 6

1098 678 1310 719 Proprietatis
1326 677 1500 707 exordium.
1523 675 1555 705 ii.
1572 676 1601 712 2,
1616 676 1646 714 1,
1661 676 1690 712 2,
1705 675 1725 705 5

1101 729 1374 769 Προστάγματα.
1402 728 1434 757 ii.
1447 729 1495 764 15,
1510 728 1539 764 7,
1554 729 1571 756 1

1104 780 1262 818 Πρῦθυρα
1278 779 1373 808 maris
1389 787 1524 817 quorum
1539 777 1612 807 sint.
1633 776 1666 806 ii.
1678 777 1708 814 3,
1725 776 1772 813 10,
1787 776 1804 804 1

1101 831 1224 861 Provisi
1239 834 1271 860 et
1286 829 1449 868 improvisi
1463 828 1634 858 distinctio.
1656 827 1699 856 iii.
1716 828 1766 863 11,
1779 827 1808 863 4,
1822 826 1842 855 5

1102 881 1290 911 Provocatio
1313 889 1376 909 non
1398 880 1491 908 datur
1512 879 1552 907 ab
1571 877 1697 907 arbitris
1718 876 1809 906 lectis
1823 875 1907 905 inter

1143 940 1282 960 summas
1297 933 1485 969 potestates.
1507 929 1550 958 iii.
1567 930 1617 965 20,
1629 928 1680 964 46,
1696 929 1715 956 2

1103 981 1252 1011 Proximi
1273 981 1401 1010 nomine
1424 979 1509 1009 venit
1528 979 1621 1008 etiam
1643 977 1698 1016 qui
1718 986 1775 1015 per
1788 984 1907 1014 reprae-

1145 1031 1355 1061 sentationem
1377 1029 1581 1068 consequitur
1595 1028 1650 1067 jus
1670 1027 1789 1066 gradus
1812 1035 1907 1064 supe-

1144 1081 1246 1110 rioris.
1268 1081 1300 1109 ii.
1316 1083 1344 1116 7,
1358 1081 1407 1115 30,
1421 1081 1447 1120 2-

1106 1132 1274 1163 Proximus
1301 1131 1371 1169 quis
1393 1131 1425 1158 in
1447 1129 1520 1168 lege
1542 1128 1699 1158 Hebraea:
1727 1130 1760 1157 et
1782 1127 1853 1166 quis
1875 1127 1909 1155 in

1146 1183 1219 1220 lege
1234 1180 1438 1220 Evangelica.
1461 1180 1480 1210 i.
1495 1181 1525 1214 2,
1542 1181 1571 1215 8,
1587 1180 1624 1209 10

1108 1232 1294 1263 {remmom
1309 1232 1341 1260 in
1356 1230 1453 1259 sacris
1466 1230 1568 1259 literis
1583 1229 1669 1267 quid.
1693 1228 1726 1259 ii.
1743 1230 1791 1265 13,
1807 1229 1837 1265 3,
1851 1229 1870 1257 4

1111 1284 1321 1320 Ψευὸορκεῖν.
1344 1282 1374 1310 ii.
1387 1282 1434 1317 13,
1451 1282 1498 1317 13,
1514 1282 1532 1309 2

1108 1333 1241 1363 Publica
1256 1331 1377 1361 utilitas
1392 1331 1432 1359 ad
1444 1329 1623 1366 alienanda,
1637 1331 1697 1359 etc.
1724 1328 1801 1358 Vide
1816 1328 1911 1358 Utili-

1148 1387 1198 1413 tas
1213 1382 1352 1421 publica.

1109 1432 1275 1463 Pudicitiae
1301 1430 1524 1461 conservandae
1543 1439 1637 1459 causa
1664 1429 1844 1459 interfectio
1871 1429 1913 1457 li-

1148 1483 1219 1512 cita.
1240 1482 1272 1512 ii.
1289 1484 1318 1518 1,
1336 1482 1353 1512 7

1109 1533 1219 1562 Pudor
1233 1532 1321 1571 quid,
1335 1531 1389 1560 ubi
1405 1530 1526 1569 dejure
1541 1529 1658 1568 agitur.
1680 1528 1723 1558 iii.
1740 1529 1788 1564 10,
1803 1529 1832 1564 1,
1846 1529 1865 1556 2

1110 1582 1215 1618 Pueri,
1231 1582 1263 1610 id
1278 1584 1338 1618 est,
1355 1580 1447 1610 servi.
1468 1579 1511 1608 iii.
1525 1581 1574 1616 14,
1589 1580 1619 1616 5,
1634 1580 1654 1608 3

1110 1633 1259 1670 Pugnare
1272 1631 1304 1659 in
1318 1631 1442 1659 hostem
1455 1629 1509 1666 qui
1523 1629 1613 1658 miles
1625 1637 1688 1657 non
1703 1627 1754 1664 sit,
1769 1636 1832 1665 quo
1841 1626 1917 1665 jure

1151 1683 1286 1710 vetetur.
1309 1680 1353 1708 i1i.
1370 1680 1417 1715 18,
1433 1680 1460 1714 1,
1476 1680 1492 1706 1

1112 1730 1224 1760 Punici
1235 1730 1311 1759 belli
1326 1729 1455 1758 secundi
1470 1727 1699 1757 controversia.
1720 1726 1752 1755 ii.
1768 1727 1816 1763 17,
1830 1726 1868 1756 19

1112 1780 1224 1810 Puniri
1245 1789 1285 1808 an
1311 1778 1435 1817 possint
1457 1779 1511 1816 qui
1536 1777 1568 1805 in
1590 1777 1687 1806 falsos
1707 1776 1796 1805 Deos
1819 1776 1917 1814 impie

1153 1833 1265 1869 agunt.
1287 1830 1317 1858 ii.
1335 1830 1383 1865 20,
1398 1830 1436 1858 51

1114 1880 1244 1909 Punitio
1260 1877 1459 1917 exemplaris,
1482 1876 1514 1906 ii.
1530 1877 1578 1912 20,
1591 1876 1619 1912 9,
1636 1877 1652 1905 1

1115 1929 1261 1967 Pupillus
1283 1938 1321 1957 ex
1342 1927 1543 1957 commodato
1564 1928 1692 1956 tenetur
1709 1925 1742 1953 in
1764 1927 1918 1963 quantuni

1155 1980 1355 2018 locupletior.
1378 1978 1409 2007 ii.
1426 1980 1474 2014 10,
1486 1979 1515 2015 2,
1532 1978 1550 2006 2

1497 2112 1536 2147 Q.

1118 2196 1242 2231 Quintii
1266 2195 1414 2226 Consulis
1435 2194 1561 2225 salubre
1582 2192 1791 2223 mendacium.
1826 2191 1869 2220 iii.
1891 2193 1920 2228 1,

1157 2248 1205 2283 14,
1222 2248 1240 2274 2

1119 2295 1272 2330 Quiritari
1287 2295 1371 2324 unde
1386 2294 1515 2323 dictum.
1537 2293 1568 2322 ii.
1586 2295 1614 2329 1,
1629 2294 1657 2329 2,
1673 2295 1690 2321 1

1497 2438 1539 2466 R.

1119 2522 1243 2551 Rabirii
1257 2522 1389 2551 factum.
1411 2519 1452 2549 iii.
1468 2521 1516 2556 22,
1531 2519 1561 2556 9,
1574 2520 1593 2548 2

1120 2572 1215 2601 Rami
1231 2572 1397 2600 olivarum.
1421 2571 1466 2600 iii.
1482 2572 1532 2608 24,
1547 2571 1567 2599 5

1121 2621 1238 2650 Ratam
1265 2629 1332 2649 rem
1360 2619 1480 2656 haberi,
1505 2617 1660 2656 obligatio
1685 2616 1798 2655 qualis.
1819 2615 1852 2646 ii.
1875 2615 1925 2652 15,

1160 2673 1191 2706 3,
1206 2673 1225 2700 3

1121 2720 1360 2751 Ratihabitione
1382 2728 1505 2749 summa
1523 2720 1665 2756 potestas
1686 2716 1846 2755 quomodo
1867 2715 1925 2744 ob-

1160 2771 1288 2809 ligetur.
1309 2770 1356 2799 iii.
1370 2771 1418 2806 22,
1432 2771 1463 2806 4,
1479 2771 1495 2798 1

1122 2821 1218 2850 Ratio
1230 2821 1310 2858 juris
1330 2820 1584 2848 fundamentum.
1607 2817 1627 2847 i.
1645 2819 1672 2853 1,
1687 2818 1736 2853 11,
1751 2817 1781 2846 1.
1823 2815 1924 2845 Adae—

1162 2873 1261 2908 quata
1283 2878 1366 2907 quae.
1387 2869 1419 2897 ii.
1447 2868 1496 2904 16,
1520 2869 1569 2903 20,
1593 2869 1621 2896 2.
1665 2867 1756 2904 Saepe
1785 2864 1927 2894 conside·

1162 2921 1262 2950 randa
1278 2919 1451 2949 secundum
1466 2917 1656 2956 potentiam,
1674 2925 1738 2944 non
1753 2914 1927 2944 secundum

1164 2968 1374 2998 existentiam.
1396 2967 1429 2997 ii.
1445 2967 1493 3003 16,
1508 2968 1558 3003 25,
1572 2967 1600 2996 1.
1643 2964 1740 3003 Legis
1754 2972 1818 2992 non
1831 2962 1927 3001 plane
