1971 3326
104 183 195 219 CAP.
214 177 304 223 XL]

403 170 798 212 INTERFIOIENDI
828 170 885 205 IN
915 166 1081 204 BELLO
1112 166 1286 203 JUSTo.

1496 157 1579 197 205

105 295 312 337 mittunt:
347 305 451 332 nam
486 297 525 331 et
548 289 739 329 Deorum
775 283 947 325 altaria
973 281 1227 337 perfuyium
1256 286 1409 334 patere
1442 278 1582 333 culpis

107 376 191 403 non
214 358 506 402 voluntariis.-
538 363 577 397 et
600 352 864 407 injustitiam
895 351 954 391 iis
983 348 1180 390 adscribi
1212 347 1288 402 qui
1321 346 1440 387 ultro
1471 345 1582 386 mali

108 435 221 476 sunt,
255 440 340 467 non
377 424 447 465 his
481 435 589 477 quos
627 420 688 460 ad
723 417 969 459 audendum
1000 429 1068 456 res
1105 421 1301 455 ca‘tremae
1341 412 1580 467 impellunt.

110 492 285 536 Caerites
307 489 420 547 apud
444 486 606 529 Livium
629 484 682 526 ad
706 484 942 524 Romanos:
971 495 1022 527 ne
1044 480 1316 536 appellarent
1340 478 1581 526 consilium,
1599 483 1765 510 Lib-vii-20-

109 575 204 616 quoe
238 559 305 600 vis
337 571 390 599 ac
421 554 650 597 necessitas
685 549 954 605 appellanda
988 554 1103 589 esset.

1191 546 1219 587 J
1223 544 1381 586 ustinus
1405 545 1583 600 factum

109 624 416 672 Pltocensium,
456 619 628 663 tametsi
667 630 808 658 omnes
845 620 1152 656 execrarentur
1186 619 1368 667 propter
1406 610 1584 653 sacrile-

108 694 242 748 9ium,
274 691 379 746 plus
417 695 558 729 tamen
597 682 778 725 invidice
823 680 1057 728 Thebanis,
1098 693 1130 719 a
1176 678 1330 731 quibus
1371 678 1432 718 ad
1470 679 1585 718 lianc

111 759 404 801 necessitatem
445 749 654 806 compulsi
689 748 888 802 fuerant,
934 759 1070 800 quam
1113 745 1224 798 ipsis
1255 743 1422 784 intulit.

1502 742 1583 792 Sic,

112 826 298 867 Isocrate
327 819 478 878 judice,
513 815 585 873 qui
615 812 758 857 salutis
792 825 916 853 causa
950 809 1179 866 praedatur,
1210 803 1309 868 ἔχει
1341 805 1585 868 πρόσχημα

113 893 192 944 τῆς
226 883 383 934 ἀδικίας
417 881 499 935 τὴν
532 877 745 939 ἀνάγκην,
782 879 911 920 habet
941 877 1232 919 necessitatem
1267 875 1444 929 injuriae
1472 875 1588 916 vela-

112 964 312 1000 mentum.

113 1025 267 1083 καιρῶν
288 1016 539 1075 ἀπολογίας
562 1007 772 1058 ἐνδιδόασι
794 1010 889 1058 τοῖς
912 1005 1225 1070 ἀφεστηκόσιν·
1261 1008 1463 1063 difficilia
1489 1014 1589 1049 tem-

107 1104 225 1147 pora
245 1085 559 1130 excusationem
583 1081 782 1135 aliquam
804 1079 914 1119 dant
937 1076 1276 1118 desciscentibus.
1344 1075 1411 1115 De
1435 1074 1590 1115 Messe-

114 1155 193 1197 niis
229 1150 443 1200 accusatis,
481 1147 592 1204 quod
629 1146 681 1187 ab
720 1143 895 1186 Athenis
930 1141 1072 1183 exules
1107 1155 1191 1182 non
1225 1139 1489 1197 recepissent,
1529 1139 1590 1181 ita

115 1221 419 1264 Philostratus:
469 1212 494 1268 ἡ
536 1209 769 1269 ἀπολογία
808 1205 924 1253 κατὰ
960 1203 1231 1266 ξυγγνώμην
1266 1205 1468 1257 ἵσταται,

1510 1203 1590 1249 τὸν

1601 550 1659 575 Lib.
1673 548 1728 574 viii.
1744 549 1765 572 l.

388 949 594 994 Aristides
637 944 854 988 Leuctrica
893 942 1100 985 secunda:
1147 940 1191 984 αἱ
1230 935 1452 984 δυσκολίαι
1500 941 1589 983 τῶν
1604 953 1683 977 'rom-
1697 958 1727 977 11-
1741 959 1767 984 p-

1606 985 1651 1008 145
1663 990 1689 1007 c.

1612 1216 1663 1242 Vit.
1678 1217 1711 1241 So
1732 1218 1759 1240 h.

1606 1249 1635 1271 ii.
1650 1248 1686 1271 15.
1734 1248 1757 1270 2.

116 1280 397 1346 Ἀλέξανδρον
421 1275 758 1343 προϊσχομένων
789 1274 855 1319 καὶ
884 1272 965 1319 τὸν
987 1272 1147 1317 ἐκείνου
1171 1270 1336 1333 φόβον,
1363 1268 1411 1316 οὗ
1434 1266 1538 1325 μηδὲ
1565 1269 1703 1325 ,jassanz

117 1351 240 1406 ἄλλη
262 1348 430 1396 Ἑλλάς
465 1346 643 1406 ἀπείρος
677 1345 786 1403 εἶχε·
823 1356 959 1384 causa
990 1342 1185 1395 ipsorum
1213 1341 1262 1381 in
1294 1340 1592 1394 deprecatione

109 1422 263 1479 posita
290 1425 363 1468 est,
389 1415 613 1458 obtendens
632 1412 763 1467 facto
792 1409 1105 1455 Alemandrum,
1142 1413 1181 1448 et
1204 1414 1360 1448 metzam
1395 1407 1451 1447 ab
1483 1407 1591 1461 ipso,

118 1487 244 1530 nulla
281 1499 365 1526 non
389 1496 505 1538 pars
538 1477 724 1522 Grcecice
761 1482 938 1530 experta
972 1480 1088 1515 esset.

1159 1472 1271 1513 Talis
1305 1477 1348 1514 et
1379 1471 1447 1513 ille
1482 1470 1594 1527 apud

120 1551 404 1598 Aristotelem,
443 1540 705 1603 ἦμιπονηρὸς
741 1543 809 1584 καὶ
847 1538 920 1583 οὐκ
950 1534 1100 1587 ἄδικος,
1137 1535 1184 1580 οὗ
1215 1535 1309 1598 γάρ
1342 1534 1593 1593 ἐπίβουλος·

119 1619 401 1674 semipravus,
421 1628 505 1656 non
522 1612 731 1666 injustus.-
754 1602 902 1663 ineque
920 1606 1032 1648 enim
1050 1606 1301 1647 insidiator.
1347 1603 1596 1645 Discrimina

121 1687 210 1728 haec
238 1683 293 1726 ad
320 1677 558 1738 argumenti
588 1674 721 1717 nostri
743 1688 863 1715 usum
887 1672 944 1713 sic
971 1676 1090 1727 aptat
1119 1669 1369 1712 Themistius
1393 1669 1436 1711 in
1463 1669 1596 1711 laudi-

121 1752 198 1795 bus
221 1747 410 1794 Valentis
433 1740 728 1800 Imperatoris:
751 1738 820 1782 καὶ
843 1733 1045 1797 διέκρινας
1071 1734 1127 1779 τὸ
1150 1730 1346 1789 ἀδίκημα,
1372 1735 1441 1780 καὶ
1463 1732 1597 1796 (ἰμάρ-

123 1869 219 1909 ’γένος
249 1867 404 1896 πλεῖστα
431 1856 702 1898 προηδικημένου,
738 1855 826 1884 οὕτω

123 1931 163 1949 τε
178 1915 338 1952 ε’ληλυθὸς
360 1914 405 1942 εἷς
417 1911 460 1940 τὸ
473 1908 681 1946 ἀντιδρᾶσαι,
700 1904 827 1943 βαρβά-

124 1981 170 2007 ρῳ
185 1968 239 1996 καὶ
254 1965 358 1994 τοῦτο
372 1960 479 1996 duola,
500 1960 535 1988 οὐ
555 1957 614 1996 μὲν
627 1953 829 1985 παντάπασί

125 2028 167 2056 γε
208 2014 342 2054 φειδοῦς
374 2011 428 2040 καὶ
461 2006 659 2046 συγγνώμης
700 2002 829 2041 α’νάξιοι

126 2066 276 2105 ἔφασκον
300 2063 395 2092 εἶναι·
425 2068 493 2089 cum
512 2057 670 2096 plurimas
686 2052 830 2093 perpessi

126 2115 264 2154 injurias
278 2114 325 2142 ita
340 2111 419 2141 trusi
434 2111 530 2139 essent
541 2107 586 2136 ad
598 2106 743 2135 talionem
758 2104 830 2132 bar-

128 2166 206 2195 baro
226 2172 302 2192 sane
322 2162 446 2198 impetu,
467 2160 603 2187 attamen
623 2163 684 2183 non
709 2152 830 2181 omnino

128 2215 274 2254 indiqnos
295 2220 368 2248 esse,
392 2208 503 2248 quibus
524 2207 734 2245 iqnosceretur
748 2211 831 2240 par-

129 2268 317 2302 cereturque.
360 2260 445 2299 [Lib.
461 2266 509 2286 lv.
523 2265 591 2294 cap.
607 2253 654 2291 6.]

188 2313 204 2336 h
225 2311 322 2351 Apud
340 2310 443 2340 Deum
463 2314 583 2346 quoque
598 2305 752 2342 paratam
771 2310 834 2330 esse

129 2362 266 2401 veniam]
295 2356 538 2391 Deuteronomii
558 2354 632 2384 xxii.
653 2353 703 2383 26.
726 2352 834 2381 Moses

131 2409 490 2444 MaimonidesDuctore
505 2403 712 2435 dubitantium
722 2410 774 2429 111.
784 2401 834 2430 41.

191 2461 200 2483 ¹
220 2461 330 2498 Neque
346 2458 425 2487 enim
443 2451 630 2490 insidiator]
655 2450 834 2489 Mitylenae-

132 2521 222 2542 orum
245 2517 371 2539 eausam
395 2507 453 2535 hac
476 2506 568 2543 parte
595 2504 706 2530 onerat
734 2500 835 2529 Cleon

133 2562 219 2600 apud
236 2557 378 2596 Thucyd.
394 2564 450 2584 111.
469 2554 606 2583 ἄκοντες
625 2551 683 2589 μὲν
698 2548 764 2587 γάρ
779 2549 836 2577 οὐκ

133 2610 303 2649 ἔβλαψαν,
341 2604 466 2635 εἰδότες
499 2603 533 2631 δὲ
573 2600 835 2638 ἐπεβούλευσαν·

134 2661 334 2700 ξύγγνωμον
358 2653 393 2684 δέ
415 2653 490 2683 ἐστι
515 2650 557 2680 τὸ
582 2649 746 2678 α’κούσιον·
776 2657 837 2677 non

130 2818 275 2866 Justify,
309 2821 349 2852 at
382 2817 477 2851 least
509 2825 672 2850 excuses.

894 1852 986 1881 inviti
1012 1852 1100 1881 nobis
1127 1861 1265 1888 nocuere,
1296 1851 1352 1881 scd
1377 1852 1414 1881 de
1440 1851 1600 1881 industria

885 1904 994 1942 fecere
1008 1902 1155 1932 insidias.
1194 1902 1238 1931 Id
1255 1911 1326 1931 vero
1345 1902 1464 1931 demum
1480 1902 1601 1941 iynoscz'

896 1953 1023 1990 diqnum
1041 1955 1094 1987 est,
1116 1951 1201 1990 quod
1214 1955 1332 1989 prater
1347 1952 1532 1982 voluntatem
1543 1953 1601 1990 fit.

897 2001 995 2041 (Cap.
1009 2001 1077 2039 40.)
1111 2001 1204 2030 Philo
1226 2001 1307 2030 libro
1327 2002 1364 2030 de
1381 2001 1602 2032 Constituendo

896 2053 1050 2090 Principe
1062 2062 1072 2081 :
1108 2052 1265 2089 διακρίνει
1297 2051 1335 2088 δ’,
1377 2051 1486 2081 ὁπότε
1518 2052 1604 2090 πρὸς

897 2102 1021 2140 ἄμυναν
1036 2102 1094 2136 iot,
1115 2102 1194 2130 τοὺς
1208 2101 1394 2139 ἐπιβούλως
1409 2101 1533 2139 ζῶντας
1548 2101 1603 2131 καὶ

897 2151 1102 2181 τούναντίον.
1123 2151 1165 2180 τὸ
1188 2150 1255 2189 γάρ
1280 2150 1368 2180 κατά
1391 2150 1529 2180 πάντων
1548 2151 1602 2180 καὶ

899 2204 967 2231 τῶν
995 2200 1164 2241 ἐλάχιστα
1188 2200 1207 2236 ἦ
1234 2201 1332 2239 μηδὲν
1359 2200 1602 2239 ἡμαρτηκότων

901 2252 1019 2289 φουᾷν,
1034 2250 1193 2288 ἀνημέρου
1209 2252 1261 2279 καὶ
1276 2249 1463 2280 α’τιθάσσου
1478 2250 1604 2288 ψυχῆς·

899 2301 929 2329 si
943 2301 988 2329 ad
1004 2300 1149 2330 ultionem
1169 2300 1350 2329 veniendum
1371 2300 1422 2336 sit,
1439 2300 1524 2329 novit
1538 2300 1604 2329 dis-

901 2359 1023 2379 cernere
1037 2350 1117 2379 inter
1131 2359 1190 2386 eos,
1205 2350 1260 2388 qui
1271 2349 1367 2378 vitam
1382 2352 1480 2387 ayant
1493 2349 1606 2378 insidi-

901 2400 1040 2436 atricem,
1065 2403 1093 2428 et
1114 2408 1174 2435 eos,
1197 2399 1252 2437 qui
1272 2399 1360 2436 lonye
1380 2399 1513 2427 alterius
1533 2401 1606 2428 sunt

901 2450 1009 2479 animi.
1051 2450 1092 2478 In
1106 2458 1207 2478 omnes
1221 2448 1311 2483 enim,
1332 2449 1425 2478 ctiam
1439 2448 1493 2486 qui
1511 2448 1605 2476 mini-

900 2509 952 2528 ma
967 2502 1023 2529 aut
1036 2499 1117 2528 nihil
1132 2499 1336 2536 deliquerunt,
1350 2497 1497 2535 yrassari
1508 2497 1604 2526 coedi-

902 2549 958 2578 bus
971 2548 1071 2578 animi
1084 2551 1128 2579 est
1143 2546 1338 2577 immansueti
1352 2547 1476 2585 acferz'.
1507 2546 1607 2584 (Pag-

900 2599 960 2629 734
974 2597 1026 2638 B.)

724 2814 773 2849 So
805 2813 1101 2854 Demosthenes3
1138 2812 1396 2859 Thucydidem
1436 2812 1501 2848 the
1530 2812 1610 2848 Cae-

137 2877 226 2911 rites
255 2876 315 2910 for
345 2873 592 2914 themselves3
617 2872 743 2907 Justin
772 2871 830 2906 for
854 2870 918 2905 the
947 2870 1152 2912 Phocians3
1176 2870 1380 2912 Isocrates3
1405 2870 1610 2911 Aristides3

137 2933 385 2969 Philostratus
405 2931 464 2965 for
485 2929 549 2965 the
571 2928 809 2964 Messenians.

874 2928 924 2962 So
946 2927 1123 2962 Aristotlo
1143 2927 1276 2973 speaks
1301 2927 1344 2962 of
1368 2939 1390 2962 a
1417 2938 1504 2962 man
1530 2927 1619 2971 half

1613 1544 1701 1569 Elhic.
1718 1544 1779 1568 Nic.

1614 1576 1659 1599 vii.
1674 1576 1711 1599 ll.

1617 1740 1693 1764 Orat.
1708 1738 1744 1762 ix.
1758 1745 1786 1769 p.

1615 1771 1670 1795 209.
